
  
  
  
  
  
  
  
  
  
  
 
  
  <record xsi:schemaLocation="http://www.loc.gov/MARC21/slim http://www.loc.gov/standards/marcxml/schema/MARC21slim.xsd">
      <leader>00000cam a2200553Ii 4500</leader>
      <controlfield tag="FMT">BK</controlfield>
      <controlfield tag="LDR">00000cam a2200553Ii 4500</controlfield>
      <controlfield tag="001">004600140</controlfield>
      <controlfield tag="003">OCoLC</controlfield>
      <controlfield tag="005">20170502144516.0</controlfield>
      <controlfield tag="008">160224t20152015enkabe   b    100 0 eng d</controlfield>
      <datafield tag="020" ind1=" " ind2=" ">
         <subfield code="a">1784912670</subfield>
         <subfield code="q">(paperback)</subfield>
      </datafield>
      <datafield tag="020" ind1=" " ind2=" ">
         <subfield code="a">9781784912673</subfield>
         <subfield code="q">(paperback)</subfield>
      </datafield>
      <datafield tag="020" ind1=" " ind2=" ">
         <subfield code="z">9781784912291</subfield>
         <subfield code="q">(pdf)</subfield>
      </datafield>
      <datafield tag="035" ind1=" " ind2=" ">
         <subfield code="a">(OCoLC)940935904</subfield>
      </datafield>
      <datafield tag="040" ind1=" " ind2=" ">
         <subfield code="a">YDXCP</subfield>
         <subfield code="b">eng</subfield>
         <subfield code="e">rda</subfield>
         <subfield code="c">YDXCP</subfield>
         <subfield code="d">CDX</subfield>
         <subfield code="d">UAB</subfield>
         <subfield code="d">OCLCO</subfield>
         <subfield code="d">OCLCF</subfield>
         <subfield code="d">OCLCO</subfield>
         <subfield code="d">COD</subfield>
         <subfield code="d">OCLCO</subfield>
         <subfield code="d">COD</subfield>
         <subfield code="d">BTCTA</subfield>
         <subfield code="d">EMU</subfield>
         <subfield code="d">OCLCO</subfield>
         <subfield code="d">ZYU</subfield>
      </datafield>
      <datafield tag="043" ind1=" " ind2=" ">
         <subfield code="a">mm-----</subfield>
      </datafield>
      <datafield tag="050" ind1=" " ind2="4">
         <subfield code="a">DE60</subfield>
         <subfield code="b">.S96 2013</subfield>
      </datafield>
      <datafield tag="079" ind1=" " ind2=" ">
         <subfield code="a">(OCoLC)940935904</subfield>
      </datafield>
      <datafield tag="082" ind1="0" ind2="4">
         <subfield code="a">938</subfield>
         <subfield code="2">23</subfield>
      </datafield>
      <datafield tag="111" ind1="2" ind2=" ">
         <subfield code="a">Symposium on Mediterranean Archaeology</subfield>
         <subfield code="n">(17th :</subfield>
         <subfield code="d">2013 :</subfield>
         <subfield code="c">Moscow, Russia),</subfield>
         <subfield code="j">creator.</subfield>
      </datafield>
      <datafield tag="245" ind1="1" ind2="0">
         <subfield code="a">Proceedings of the 17th Symposium on Mediterranean Archaeology :</subfield>
         <subfield code="b">SOMA 2013, Moscow, 25-27 April 2013 /</subfield>
         <subfield code="c">edited by Sergei Fazlullin, Mazlum Mert Antika.</subfield>
      </datafield>
      <datafield tag="246" ind1="3" ind2="0">
         <subfield code="a">SOMA 2013</subfield>
      </datafield>
      <datafield tag="264" ind1=" " ind2="1">
         <subfield code="a">Oxford [England] :</subfield>
         <subfield code="b">Archaeopress Publishing Ltd :</subfield>
         <subfield code="b">Access Archaeology,</subfield>
         <subfield code="c">[2015]</subfield>
      </datafield>
      <datafield tag="264" ind1=" " ind2="4">
         <subfield code="c">©2015</subfield>
      </datafield>
      <datafield tag="300" ind1=" " ind2=" ">
         <subfield code="a">ii, 256 pages :</subfield>
         <subfield code="b">illustrations (some color), maps (some color), plans ;</subfield>
         <subfield code="c">30 cm.</subfield>
      </datafield>
      <datafield tag="336" ind1=" " ind2=" ">
         <subfield code="a">text</subfield>
         <subfield code="b">txt</subfield>
         <subfield code="2">rdacontent</subfield>
      </datafield>
      <datafield tag="336" ind1=" " ind2=" ">
         <subfield code="a">still image</subfield>
         <subfield code="b">sti</subfield>
         <subfield code="2">rdacontent</subfield>
      </datafield>
      <datafield tag="336" ind1=" " ind2=" ">
         <subfield code="a">cartographic image</subfield>
         <subfield code="b">cri</subfield>
         <subfield code="2">rdacontent</subfield>
      </datafield>
      <datafield tag="337" ind1=" " ind2=" ">
         <subfield code="a">unmediated</subfield>
         <subfield code="b">n</subfield>
         <subfield code="2">rdamedia</subfield>
      </datafield>
      <datafield tag="338" ind1=" " ind2=" ">
         <subfield code="a">volume</subfield>
         <subfield code="b">nc</subfield>
         <subfield code="2">rdacarrier</subfield>
      </datafield>
      <datafield tag="500" ind1=" " ind2=" ">
         <subfield code="a">Conference proceedings of SOMA, the Symposium on Mediterranean Archaeology, held 25-27 April 2013 in Moscow, organized by PP Shirshov's Institute of Oceanology/Russian Academy of Sciences.</subfield>
      </datafield>
      <datafield tag="504" ind1=" " ind2=" ">
         <subfield code="a">Includes bibliographical references.</subfield>
      </datafield>
      <datafield tag="505" ind1="0" ind2="0">
         <subfield code="t">A project proposal for the construction of underwater archaeological nature routes into the Protected Marine Area of Santa Maria di Castellabate /</subfield>
         <subfield code="r">Salvatore Agizza --</subfield>
         <subfield code="t">A Recently Discovered Thirteenth Century Church at Myra /</subfield>
         <subfield code="r">T. Engin Akyürek --</subfield>
         <subfield code="t">Archaeological Findings of Thracian/Phrygian Tribes' Crossing of Bosporus (ITA) İstanbul Prehistoric Research Project /</subfield>
         <subfield code="r">Haldun Aydıngün --</subfield>
         <subfield code="t">Routes And Harbour Archaeology: An Attempt to Identify Some Ancient Toponyms on the Eastern Adriatic Coast /</subfield>
         <subfield code="r">Mattia Vitelli Casella --</subfield>
         <subfield code="t">The Bath Buildings throughout the Cilician shoreline : The cases of Akkale (Tirtar) and Mylai (Manastir) and the problems of their preservation and fruition : Can the archaeological relevance help in preserving the ancient remains? /</subfield>
         <subfield code="r">Emanuele Casagrande Cicci --</subfield>
         <subfield code="t">Byzantine Small Finds From 'Church B' at Andriake (Myra/Antalya) : First Results on the Ceramics /</subfield>
         <subfield code="r">Özgü Çömezoğlu --</subfield>
      </datafield>
      <datafield tag="505" ind1="0" ind2="0">
         <subfield code="9"/>
         <subfield code="t">Management of Cultural Heritage in the Coastal Zone 'An investigation on the conservation of wooden house in Istanbul through the eyes of the population' /</subfield>
         <subfield code="r">Pierre Emanuel Decombe --</subfield>
         <subfield code="t">XII Scripta And Two Excavated Game Boards From Kibyra /</subfield>
         <subfield code="r">Ünal Demirer --</subfield>
         <subfield code="t">Dionysus and Ariadne in Antiocheia and Zeugma Mosaics : a Contrastive Evaluation /</subfield>
         <subfield code="r">Sehnaz Erarslan --</subfield>
         <subfield code="t">Studying aspects of Pre-Roman History, Religion, Political Organization and Trading Contacts of some Ionian Colonies of 'Thracia Pontica' : the case of Dionysopolis &amp; Odessos /</subfield>
         <subfield code="r">Maria Girtzi --</subfield>
         <subfield code="t">'The Time-traveler meets Emperor Justinian in Byzantine Era' : an innovative museological project /</subfield>
         <subfield code="r">Maria Girtzi and Athanasia Bountidou --</subfield>
         <subfield code="t">Hun Originated/Influenced Objects Found In China : Ordos Bronze /</subfield>
         <subfield code="r">Feyza Gorez --</subfield>
         <subfield code="t">Attic Imports to the Black Sea area : the Construction of the Reference Framework /</subfield>
         <subfield code="r">Filippo Giudice with the contribution of Elvia &amp; Giada Giudice [and 5 others] --</subfield>
      </datafield>
      <datafield tag="505" ind1="0" ind2="0">
         <subfield code="9"/>
         <subfield code="t">Stoa Philosophy and Its Development Stages in Ancient Era /</subfield>
         <subfield code="r">İlker Işik --</subfield>
         <subfield code="t">18th and 19th Century Wall Paintings Featuring Views of Istanbul /</subfield>
         <subfield code="r">Bilge Karaöz --</subfield>
         <subfield code="t">Stazione Neapolis : A journey into the history of Naples from the Neolithic to the Modern Age /</subfield>
         <subfield code="r">Alessandro Luciano --</subfield>
         <subfield code="t">Fish sauces trade and consumption in the ager Mutinensis /</subfield>
         <subfield code="r">Manuela Mongardi --</subfield>
         <subfield code="t">Reconstruction of the Settlement Layout at Salat Tepe : An Interpretation of the Archaeological Evidence /</subfield>
         <subfield code="r">A. Tuba Ökse and Ahmet Görmüş --</subfield>
         <subfield code="t">Denizli : The Ilbadi Cemetery Namazgah /</subfield>
         <subfield code="r">Kadir Pektaş --</subfield>
         <subfield code="t">The Role of the Corinthian Relief Ware in Sardinia as a Socio-Economic and Cultural Indicator of a 'Commissioned' Trade /</subfield>
         <subfield code="r">Paola Puppo and Fabio Mosca --</subfield>
         <subfield code="t">Underwater Archaeological Project at the Ancient City of Akra (Eastern Crimea) 2011-2012 /</subfield>
         <subfield code="r">Sergey Solovyev and Viktor Vakhoneev --</subfield>
      </datafield>
      <datafield tag="505" ind1="0" ind2="0">
         <subfield code="9"/>
         <subfield code="t">Management of Underwater Archaeological Heritage : An Environmental Approach to the Protection and Preservation of the Harbour Complex of Aegina /</subfield>
         <subfield code="r">Ioannis Triantafillidis and Vassilis Tselentis --</subfield>
         <subfield code="t">The Byzantine Castle in Akbas on Thracian Chersonessos /</subfield>
         <subfield code="r">Ayşe Ç. Türker --</subfield>
         <subfield code="t">Agoras, Theaters, Baths and Gymnasia : A Case Study on the Urban Redevelopment Choices of Carian Benefactors in the Roman Age /</subfield>
         <subfield code="r">Güray Ünver --</subfield>
         <subfield code="t">A Byzantine Monastery South-East of Jerusalem /</subfield>
         <subfield code="r">Yehiel Zelinger --</subfield>
         <subfield code="t">Local and Imported Art in the Byzantine Monastery Newly Discovered Near Jerusalem, Israel /</subfield>
         <subfield code="r">Lihi Habas.</subfield>
      </datafield>
      <datafield tag="651" ind1=" " ind2="0">
         <subfield code="a">Mediterranean Region</subfield>
         <subfield code="x">Antiquities</subfield>
         <subfield code="v">Congresses.</subfield>
      </datafield>
      <datafield tag="650" ind1=" " ind2="0">
         <subfield code="a">Excavations (Archaeology)</subfield>
         <subfield code="z">Mediterranean Region</subfield>
         <subfield code="v">Congresses.</subfield>
      </datafield>
      <datafield tag="651" ind1=" " ind2="0">
         <subfield code="a">Mediterranean Region</subfield>
         <subfield code="x">Civilization</subfield>
         <subfield code="v">Congresses.</subfield>
      </datafield>
      <datafield tag="650" ind1=" " ind2="7">
         <subfield code="a">Antiquities.</subfield>
         <subfield code="2">fast</subfield>
         <subfield code="0">(OCoLC)fst00810745</subfield>
      </datafield>
      <datafield tag="650" ind1=" " ind2="7">
         <subfield code="a">Civilization.</subfield>
         <subfield code="2">fast</subfield>
         <subfield code="0">(OCoLC)fst00862898</subfield>
      </datafield>
      <datafield tag="650" ind1=" " ind2="7">
         <subfield code="a">Excavations (Archaeology)</subfield>
         <subfield code="2">fast</subfield>
         <subfield code="0">(OCoLC)fst00917564</subfield>
      </datafield>
      <datafield tag="651" ind1=" " ind2="7">
         <subfield code="a">Mediterranean Region.</subfield>
         <subfield code="2">fast</subfield>
         <subfield code="0">(OCoLC)fst01239752</subfield>
      </datafield>
      <datafield tag="655" ind1=" " ind2="7">
         <subfield code="a">Conference papers and proceedings.</subfield>
         <subfield code="2">fast</subfield>
         <subfield code="0">(OCoLC)fst01423772</subfield>
      </datafield>
      <datafield tag="700" ind1="1" ind2=" ">
         <subfield code="a">Fazlullin, Sergei,</subfield>
         <subfield code="e">editor.</subfield>
      </datafield>
      <datafield tag="700" ind1="1" ind2=" ">
         <subfield code="a">Antika, Mazlum Mert,</subfield>
         <subfield code="e">editor.</subfield>
      </datafield>
      <datafield tag="710" ind1="2" ind2=" ">
         <subfield code="a">Institut okeanologii im. P.P. Shirshova,</subfield>
         <subfield code="e">host institution.</subfield>
      </datafield>
      <datafield tag="OWN" ind1=" " ind2=" ">
         <subfield code="a">GENERAL</subfield>
      </datafield>
      <datafield tag="AVA" ind1=" " ind2=" ">
         <subfield code="a">NYU50</subfield>
         <subfield code="b">NISAW</subfield>
         <subfield code="c">Large Collection</subfield>
         <subfield code="d">DE60 .S96 2013 Non-circulating</subfield>
         <subfield code="e">available</subfield>
         <subfield code="t">Available</subfield>
         <subfield code="f">1</subfield>
         <subfield code="g">0</subfield>
         <subfield code="h">N</subfield>
         <subfield code="i">0</subfield>
         <subfield code="j">LARGE</subfield>
         <subfield code="k">0</subfield>
      </datafield>
      <marc:datafield tag="852" ind1=" " ind2=" ">
         <marc:subfield code="b">Institute for the Study of the Ancient World, </marc:subfield>
         <marc:subfield code="c">Large Collection</marc:subfield>
         <marc:subfield code="e">15 East 84th St., </marc:subfield>
         <marc:subfield code="e">New York, NY  10028</marc:subfield>
      </marc:datafield>
   </record>