
  
  
  
  
  
  
  
  
 
  
  <record xsi:schemaLocation="http://www.loc.gov/MARC21/slim http://www.loc.gov/standards/marcxml/schema/MARC21slim.xsd">
      <leader>00000cam a2200649 i 4500</leader>
      <controlfield tag="FMT">BK</controlfield>
      <controlfield tag="LDR">00000cam a2200649 i 4500</controlfield>
      <controlfield tag="001">004600173</controlfield>
      <controlfield tag="003">OCoLC</controlfield>
      <controlfield tag="005">20170502144729.0</controlfield>
      <controlfield tag="008">160720s2015    tu abde  b    100 0 tur d</controlfield>
      <datafield tag="010" ind1=" " ind2=" ">
         <subfield code="a">2015346823</subfield>
      </datafield>
      <datafield tag="020" ind1=" " ind2=" ">
         <subfield code="a">9786054701674</subfield>
      </datafield>
      <datafield tag="020" ind1=" " ind2=" ">
         <subfield code="a">6054701673</subfield>
      </datafield>
      <datafield tag="035" ind1=" " ind2=" ">
         <subfield code="a">(OCoLC)953254593</subfield>
         <subfield code="z">(OCoLC)910860390</subfield>
      </datafield>
      <datafield tag="040" ind1=" " ind2=" ">
         <subfield code="a">EYM</subfield>
         <subfield code="b">eng</subfield>
         <subfield code="e">rda</subfield>
         <subfield code="c">EYM</subfield>
         <subfield code="d">DLC</subfield>
         <subfield code="d">ZYU</subfield>
         <subfield code="d">OCLCF</subfield>
         <subfield code="d">OCLCO</subfield>
         <subfield code="d">ZYU</subfield>
      </datafield>
      <datafield tag="041" ind1="0" ind2=" ">
         <subfield code="a">tur</subfield>
         <subfield code="b">eng</subfield>
         <subfield code="b">fre</subfield>
      </datafield>
      <datafield tag="042" ind1=" " ind2=" ">
         <subfield code="a">lccopycat</subfield>
         <subfield code="a">lcode</subfield>
      </datafield>
      <datafield tag="043" ind1=" " ind2=" ">
         <subfield code="a">a-tu---</subfield>
      </datafield>
      <datafield tag="050" ind1="0" ind2="0">
         <subfield code="a">DS51.I9</subfield>
         <subfield code="b">S5325 2014</subfield>
      </datafield>
      <datafield tag="079" ind1=" " ind2=" ">
         <subfield code="a">(OCoLC)953254593</subfield>
      </datafield>
      <datafield tag="111" ind1="2" ind2=" ">
         <subfield code="a">Smyrna/İzmir Kazı ve Araştırmaları Çalıştayı</subfield>
         <subfield code="n">(1st:</subfield>
         <subfield code="d">2014 :</subfield>
         <subfield code="c">İzmir, Turkey)</subfield>
      </datafield>
      <datafield tag="245" ind1="1" ind2="0">
         <subfield code="a">Smyrna/İzmir Kazı ve Araştırmaları :</subfield>
         <subfield code="b">I. Çalıştay bildirileri /</subfield>
         <subfield code="c">editör, Akın Ersoy, Gözde Şakar.</subfield>
      </datafield>
      <datafield tag="264" ind1=" " ind2="1">
         <subfield code="a">İstanbul :</subfield>
         <subfield code="b">Ege Yayınları,</subfield>
         <subfield code="c">[2015]</subfield>
      </datafield>
      <datafield tag="300" ind1=" " ind2=" ">
         <subfield code="a">299 pages :</subfield>
         <subfield code="b">illustrations, map, plans, charts;</subfield>
         <subfield code="c">28 cm.</subfield>
      </datafield>
      <datafield tag="336" ind1=" " ind2=" ">
         <subfield code="a">text</subfield>
         <subfield code="b">txt</subfield>
         <subfield code="2">rdacontent</subfield>
      </datafield>
      <datafield tag="337" ind1=" " ind2=" ">
         <subfield code="a">unmediated</subfield>
         <subfield code="b">n</subfield>
         <subfield code="2">rdamedia</subfield>
      </datafield>
      <datafield tag="338" ind1=" " ind2=" ">
         <subfield code="a">volume</subfield>
         <subfield code="b">nc</subfield>
         <subfield code="2">rdacarrier</subfield>
      </datafield>
      <datafield tag="490" ind1="0" ind2=" ">
         <subfield code="a">Antik Smyrna kazısı yayın çalışmaları ;</subfield>
         <subfield code="v">3</subfield>
      </datafield>
      <datafield tag="504" ind1=" " ind2=" ">
         <subfield code="a">Includes bibliographical references.</subfield>
      </datafield>
      <datafield tag="546" ind1=" " ind2=" ">
         <subfield code="a">Contributions mostly in Turkish, with abstracts in English; 1 English, 4 French, with abstracts in Turkish.</subfield>
      </datafield>
      <datafield tag="505" ind1="0" ind2="0">
         <subfield code="t">Antik Smyrna/İzmir Kazı Arastırma ve Restorasyon Çalişmaları =</subfield>
         <subfield code="t">Ancient Smyrna/Izmir Excavations, Researches and Restoration Works /</subfield>
         <subfield code="r">Akın Ersoy --</subfield>
         <subfield code="t">Smyrna'dan Metal Eserler =</subfield>
         <subfield code="t">Metal Objects from Smyrna /</subfield>
         <subfield code="r">Duygu Akar Tanrıver --</subfield>
         <subfield code="t">Smyrna Su Yolları Üzerine Bir Değerlendirme =</subfield>
         <subfield code="t">An Assessment on the Aqueducts of Smyrna /</subfield>
         <subfield code="r">Sarp Alatepeli --</subfield>
         <subfield code="t">Smyrna Agorası'nda Ele Geçen İslami Sikkeler Hakkında Bir Değerlendirme (2007-2012) =</subfield>
         <subfield code="t">An Examination on the Islamic Coins from the Agora of Smyrna (2007-2012) /</subfield>
         <subfield code="r">Sakir Çakmak --</subfield>
         <subfield code="t">Osmanlı Dönemi Mezar Taşlari =</subfield>
         <subfield code="t">Ottoman Gravestones /</subfield>
         <subfield code="r">Ertan Daş --</subfield>
         <subfield code="t">13. Yüzyılda İzmir'de Türk Dönemi Öncesi Bazı Yer İsimleri Üzerine Gözlemler =</subfield>
         <subfield code="t">Observations on Some Settlement Names in 13th Century During Pre-Turkish Period in Smyrna /</subfield>
         <subfield code="r">Ersin Doğer --</subfield>
         <subfield code="t">İzmir'in Ticari Yaşamında Osmanlı ve Avrupa Seramiklerinin Yeri =</subfield>
         <subfield code="t">Ottoman and European Ceramics in Commercial Life of Izmir /</subfield>
      </datafield>
      <datafield tag="505" ind1="0" ind2="0">
         <subfield code="9"/>
         <subfield code="r">Sevinç Gök --</subfield>
         <subfield code="t">Black Glazed Pottery and West Slope Pottery from Kadifekale =</subfield>
         <subfield code="t">Kadifekale'de Bulunan Siyah Firnisli ve Batı Yamacı Seramikler /</subfield>
         <subfield code="r">Alessandra Granata --</subfield>
         <subfield code="t">Smyrna Agorası 2013 Yılı Kandil Buluntuları Hakkında Bir Değerlendirme =</subfield>
         <subfield code="t">Agora of Smyrna an Assessment of Oil Lamps Found in 2013 /</subfield>
         <subfield code="r">Eda Güngör Alper --</subfield>
         <subfield code="t">Smyrna'dan Geç Antik Çağ Camları =</subfield>
         <subfield code="t">Late Antique Glassware from Smyrna /</subfield>
         <subfield code="r">Binnur Gürler --</subfield>
         <subfield code="t">Une nouvelle publication des figurines smyrniotes des musées archéologiques d'Istanbul /</subfield>
         <subfield code="r">Isabelle Hasselin Rous --</subfield>
         <subfield code="t">İstanbul Arkeoloji Müzeleri'nde Bulunan Smyrna Figürinleri : Yeni Bir Araştırma /</subfield>
         <subfield code="r">Isabelle Hasselin Rous --</subfield>
         <subfield code="t">Anadolu'dan Erken Bizans Dönemi Hacı Ampullaları ve Smyrna Buluntuları =</subfield>
         <subfield code="t">Early Byzantine Period Pilgrim Flasks from Anatolia and Smyrna Findings /</subfield>
         <subfield code="r">Gülgün Köroğlu --</subfield>
         <subfield code="t">Une déesse, un enfant : deux fleurons de la sculpture smyrniote découverts à l'Agora =</subfield>
      </datafield>
      <datafield tag="505" ind1="0" ind2="0">
         <subfield code="9"/>
         <subfield code="t">Tanrıça ve Çocuk : Smyrna Heykeltıraşlığının Agora'da Ortaya Çıkarılan İki Değerli Örneği /</subfield>
         <subfield code="r">Ludovic Laugier --</subfield>
         <subfield code="t">Chronologie des tremblements de terre à Smyrne dans l'antiquité : approche critique des sources écrites =</subfield>
         <subfield code="t">Antik Dönem'de Smyrna'nİn Deprem Kronolojisi : Yazİlİ Kaynaklara Eleştirel Bir Bakış /</subfield>
         <subfield code="r">Marie-Valérie Lesvigne --</subfield>
         <subfield code="t">Evocation de Smyrne dans la littérature viatique des XVIIIe et XIXe siècles =</subfield>
         <subfield code="t">XVIII. ve XIX. Yüzyıl Seyyah Edebiyatında İzmir Çağrışımları /</subfield>
         <subfield code="r">Jean-Luc Maeso --</subfield>
         <subfield code="t">Smyrna Antik Kenti'nde Bulunan Pişmiş Toprak Figürinler : Yeni Buluntular =</subfield>
         <subfield code="t">Terracotta Figurines from Smyrna : New Finds /</subfield>
         <subfield code="r">Gözde Şakar --</subfield>
         <subfield code="t">Smyrna Kazılarında Ele Geçen Amphora Mühürleri : İlk Gözlemler =</subfield>
         <subfield code="t">Amphora Stamps from the Excavations of Smyrna : Preliminary Report /</subfield>
         <subfield code="r">Gonca Cankardeş-Şenol --</subfield>
         <subfield code="t">Smyrna Kazılarında 2007-2011 Yılları Arasında Bulunan Ticari Amphoralar =</subfield>
      </datafield>
      <datafield tag="505" ind1="0" ind2="0">
         <subfield code="9"/>
         <subfield code="t">Commercial Amphorae Found in the Excavations of Smyrna between 2007-2011 Excavation Seasons /</subfield>
         <subfield code="r">Ahmet Kaan Şenol --</subfield>
         <subfield code="t">Smyrna'daki Bellerophontes Heykeli =</subfield>
         <subfield code="t">Bellerophontes Statue from Smyrna /</subfield>
         <subfield code="r">Recai Tekoğlu, Akın Ersoy --</subfield>
         <subfield code="t">Aristeides ve Galenos'un Eserlerinde Smyrna =</subfield>
         <subfield code="t">Smyrna in the Works of Aristides and Galen /</subfield>
         <subfield code="r">Murat Tozan --</subfield>
         <subfield code="t">Son Çalişmalar Işığında Smyrna Agora Bazilikası =</subfield>
         <subfield code="t">Agora Basilica of Smyrna in the Light of Latest Studies /</subfield>
         <subfield code="r">Burak Yolaçan.</subfield>
      </datafield>
      <datafield tag="650" ind1=" " ind2="0">
         <subfield code="a">Excavations (Archaeology)</subfield>
         <subfield code="z">Turkey</subfield>
         <subfield code="z">İzmir İli</subfield>
         <subfield code="v">Congresses.</subfield>
      </datafield>
      <datafield tag="651" ind1=" " ind2="0">
         <subfield code="a">İzmir İli (Turkey)</subfield>
         <subfield code="x">Antiquities</subfield>
         <subfield code="v">Congresses.</subfield>
      </datafield>
      <datafield tag="651" ind1=" " ind2="0">
         <subfield code="a">Turkey</subfield>
         <subfield code="x">Antiquities</subfield>
         <subfield code="v">Congresses.</subfield>
      </datafield>
      <datafield tag="651" ind1=" " ind2="0">
         <subfield code="a">Turkey</subfield>
         <subfield code="x">Antiquities</subfield>
         <subfield code="x">Collection and preservation</subfield>
         <subfield code="v">Congresses.</subfield>
      </datafield>
      <datafield tag="650" ind1=" " ind2="0">
         <subfield code="a">Historic preservation</subfield>
         <subfield code="z">Turkey</subfield>
         <subfield code="x">Management</subfield>
         <subfield code="v">Congresses.</subfield>
      </datafield>
      <datafield tag="650" ind1=" " ind2="0">
         <subfield code="a">Pottery, Hellenistic</subfield>
         <subfield code="z">Turkey</subfield>
         <subfield code="z">İzmir İli</subfield>
         <subfield code="v">Congresses.</subfield>
      </datafield>
      <datafield tag="650" ind1=" " ind2="0">
         <subfield code="a">Pottery, Roman</subfield>
         <subfield code="z">Turkey</subfield>
         <subfield code="z">İzmir İli</subfield>
         <subfield code="v">Congresses.</subfield>
      </datafield>
      <datafield tag="650" ind1=" " ind2="0">
         <subfield code="a">Sculpture, Hellenistic</subfield>
         <subfield code="z">Turkey</subfield>
         <subfield code="z">İzmir İli</subfield>
         <subfield code="v">Congresses.</subfield>
      </datafield>
      <datafield tag="650" ind1=" " ind2="0">
         <subfield code="a">Sculpture, Roman</subfield>
         <subfield code="z">Turkey</subfield>
         <subfield code="z">İzmir İli</subfield>
         <subfield code="v">Congresses.</subfield>
      </datafield>
      <datafield tag="651" ind1=" " ind2="7">
         <subfield code="a">Smyrna/Eurydikeia.</subfield>
         <subfield code="2">pleiades</subfield>
         <subfield code="0">https://pleiades.stoa.org/places/550893</subfield>
      </datafield>
      <datafield tag="650" ind1=" " ind2="7">
         <subfield code="a">Antiquities.</subfield>
         <subfield code="2">fast</subfield>
         <subfield code="0">(OCoLC)fst00810745</subfield>
      </datafield>
      <datafield tag="650" ind1=" " ind2="7">
         <subfield code="a">Antiquities</subfield>
         <subfield code="x">Collection and preservation.</subfield>
         <subfield code="2">fast</subfield>
         <subfield code="0">(OCoLC)fst00810747</subfield>
      </datafield>
      <datafield tag="650" ind1=" " ind2="7">
         <subfield code="a">Excavations (Archaeology)</subfield>
         <subfield code="2">fast</subfield>
         <subfield code="0">(OCoLC)fst00917564</subfield>
      </datafield>
      <datafield tag="650" ind1=" " ind2="7">
         <subfield code="a">Historic preservation</subfield>
         <subfield code="x">Management.</subfield>
         <subfield code="2">fast</subfield>
         <subfield code="0">(OCoLC)fst00957833</subfield>
      </datafield>
      <datafield tag="650" ind1=" " ind2="7">
         <subfield code="a">Pottery, Hellenistic.</subfield>
         <subfield code="2">fast</subfield>
         <subfield code="0">(OCoLC)fst01073757</subfield>
      </datafield>
      <datafield tag="650" ind1=" " ind2="7">
         <subfield code="a">Pottery, Roman.</subfield>
         <subfield code="2">fast</subfield>
         <subfield code="0">(OCoLC)fst01073863</subfield>
      </datafield>
      <datafield tag="650" ind1=" " ind2="7">
         <subfield code="a">Sculpture, Hellenistic.</subfield>
         <subfield code="2">fast</subfield>
         <subfield code="0">(OCoLC)fst01109703</subfield>
      </datafield>
      <datafield tag="650" ind1=" " ind2="7">
         <subfield code="a">Sculpture, Roman.</subfield>
         <subfield code="2">fast</subfield>
         <subfield code="0">(OCoLC)fst01109838</subfield>
      </datafield>
      <datafield tag="651" ind1=" " ind2="7">
         <subfield code="a">Turkey.</subfield>
         <subfield code="2">fast</subfield>
         <subfield code="0">(OCoLC)fst01208963</subfield>
      </datafield>
      <datafield tag="651" ind1=" " ind2="7">
         <subfield code="a">Turkey</subfield>
         <subfield code="z">İzmir İli.</subfield>
         <subfield code="2">fast</subfield>
         <subfield code="0">(OCoLC)fst01238998</subfield>
      </datafield>
      <datafield tag="655" ind1=" " ind2="7">
         <subfield code="a">Conference papers and proceedings.</subfield>
         <subfield code="2">fast</subfield>
         <subfield code="0">(OCoLC)fst01423772</subfield>
      </datafield>
      <datafield tag="700" ind1="1" ind2=" ">
         <subfield code="a">Ersoy, Akın,</subfield>
         <subfield code="e">editor.</subfield>
      </datafield>
      <datafield tag="700" ind1="1" ind2=" ">
         <subfield code="a">Şakar, Gözde,</subfield>
         <subfield code="e">editor.</subfield>
      </datafield>
      <datafield tag="OWN" ind1=" " ind2=" ">
         <subfield code="a">GENERAL</subfield>
      </datafield>
      <datafield tag="AVA" ind1=" " ind2=" ">
         <subfield code="a">NYU50</subfield>
         <subfield code="b">NISAW</subfield>
         <subfield code="c">Large Collection</subfield>
         <subfield code="d">DS51.I95 S95 2015 Non-circulating</subfield>
         <subfield code="e">available</subfield>
         <subfield code="t">Available</subfield>
         <subfield code="f">1</subfield>
         <subfield code="g">0</subfield>
         <subfield code="h">N</subfield>
         <subfield code="i">0</subfield>
         <subfield code="j">LARGE</subfield>
         <subfield code="k">0</subfield>
      </datafield>
      <marc:datafield tag="852" ind1=" " ind2=" ">
         <marc:subfield code="b">Institute for the Study of the Ancient World, </marc:subfield>
         <marc:subfield code="c">Large Collection</marc:subfield>
         <marc:subfield code="e">15 East 84th St., </marc:subfield>
         <marc:subfield code="e">New York, NY  10028</marc:subfield>
      </marc:datafield>
   </record>