
  
  
  
  
  
  
  
  
  
  
  
  
 
  
  <record xsi:schemaLocation="http://www.loc.gov/MARC21/slim http://www.loc.gov/standards/marcxml/schema/MARC21slim.xsd">
      <leader>00000cam a22      i 4500</leader>
      <controlfield tag="FMT">BK</controlfield>
      <controlfield tag="LDR">00000cam a22      i 4500</controlfield>
      <controlfield tag="001">004600165</controlfield>
      <controlfield tag="005">20170413112046.0</controlfield>
      <controlfield tag="008">170201s2015    enkab    b    000 0 fre c</controlfield>
      <datafield tag="015" ind1=" " ind2=" ">
         <subfield code="a">GBB574687</subfield>
         <subfield code="2">bnb</subfield>
      </datafield>
      <datafield tag="020" ind1=" " ind2=" ">
         <subfield code="a">9781784911355</subfield>
         <subfield code="q">(paperback)</subfield>
      </datafield>
      <datafield tag="020" ind1=" " ind2=" ">
         <subfield code="a">1784911356</subfield>
         <subfield code="q">(paperback)</subfield>
      </datafield>
      <datafield tag="035" ind1=" " ind2=" ">
         <subfield code="a">(OCoLC)913791559</subfield>
         <subfield code="z">(OCoLC)911092030</subfield>
         <subfield code="z">(OCoLC)913452785</subfield>
      </datafield>
      <datafield tag="040" ind1=" " ind2=" ">
         <subfield code="a">NLE</subfield>
         <subfield code="b">eng</subfield>
         <subfield code="e">rda</subfield>
         <subfield code="c">NLE</subfield>
         <subfield code="d">OCLCO</subfield>
         <subfield code="d">UBY</subfield>
         <subfield code="d">OCLCF</subfield>
         <subfield code="d">EQO</subfield>
         <subfield code="d">YDXCP</subfield>
         <subfield code="d">ZCU</subfield>
         <subfield code="d">OCLCQ</subfield>
      </datafield>
      <datafield tag="042" ind1=" " ind2=" ">
         <subfield code="a">pcc</subfield>
      </datafield>
      <datafield tag="043" ind1=" " ind2=" ">
         <subfield code="a">a-le---</subfield>
      </datafield>
      <datafield tag="050" ind1=" " ind2="4">
         <subfield code="a">DS89.B9</subfield>
         <subfield code="b">D8 2015</subfield>
      </datafield>
      <datafield tag="079" ind1=" " ind2=" ">
         <subfield code="a">(OCoLC)913791559</subfield>
      </datafield>
      <datafield tag="082" ind1="0" ind2="4">
         <subfield code="a">939.44</subfield>
         <subfield code="2">23</subfield>
      </datafield>
      <datafield tag="245" ind1="0" ind2="0">
         <subfield code="a">Du Mont Liban aux sierras d'Espagne :</subfield>
         <subfield code="b">sols, eau et sociétés en Montagne : autour du projet Franco-Libanais CEDRE "Nahr Ibrahim" /</subfield>
         <subfield code="c">textes réunis par Romana Harfouche et Pierre Poupet.</subfield>
      </datafield>
      <datafield tag="264" ind1=" " ind2="1">
         <subfield code="a">Oxford :</subfield>
         <subfield code="b">Archaeopress Archaeology,</subfield>
         <subfield code="c">[2015]</subfield>
      </datafield>
      <datafield tag="300" ind1=" " ind2=" ">
         <subfield code="a">ii, 284 pages :</subfield>
         <subfield code="b">illustrations, maps ;</subfield>
         <subfield code="c">30 cm</subfield>
      </datafield>
      <datafield tag="336" ind1=" " ind2=" ">
         <subfield code="a">text</subfield>
         <subfield code="b">txt</subfield>
         <subfield code="2">rdacontent</subfield>
      </datafield>
      <datafield tag="337" ind1=" " ind2=" ">
         <subfield code="a">unmediated</subfield>
         <subfield code="b">n</subfield>
         <subfield code="2">rdamedia</subfield>
      </datafield>
      <datafield tag="338" ind1=" " ind2=" ">
         <subfield code="a">volume</subfield>
         <subfield code="b">nc</subfield>
         <subfield code="2">rdacarrier</subfield>
      </datafield>
      <datafield tag="504" ind1=" " ind2=" ">
         <subfield code="a">Includes bibliographical references (pages 280-284).</subfield>
      </datafield>
      <datafield tag="505" ind1="0" ind2="0">
         <subfield code="t"/>
         <subfield code="t">Des changements passés a la préparation de l'avenir /</subfield>
         <subfield code="r">Romana Harfouche et Pierre Poupet --</subfield>
         <subfield code="t">Les anciens Égyptiens sur le chemin de "Terrasses-du-Cèdre": terres étrangères et modalités et modalités d'échanges /</subfield>
         <subfield code="r">Catherine Chadefaud --</subfield>
         <subfield code="t">L'occupation et le réseau routier dans la mont liban entre e'époque hellénistique et la fin de la période mamelouke: L'exemple du Haut Chouf /</subfield>
         <subfield code="r">Wissam Khalil --</subfield>
         <subfield code="t">Évaluation des caractéristiques physiques et des risques naturels dans le bassin versant du Nahr Ibrahim /</subfield>
         <subfield code="r">Amin Shaban [and 4 others] --</subfield>
         <subfield code="t">Évaluation de l'instabilité historique des terrains au Liban: le cas du Nahr Ibrahim /</subfield>
         <subfield code="r">Chadi Abdallah, Nicolas Baghdadi et Rouba Ziade --</subfield>
         <subfield code="t">Nouveaux regards multidisciplinaires sur la montagne de l'hinterland de l'antique Byblos (Jbail) /</subfield>
         <subfield code="r">Romana Harfouche [and 7 others] --</subfield>
         <subfield code="t">Essai de caractérisation de sols cultivés de l'âge du bronze sur le site de Tell el-Kharayeb, Liban: évaluation du potentiel de l'analyse de phytolithes /</subfield>
         <subfield code="r">Pascal Verdin --</subfield>
         <subfield code="t">Les forêts du Liban: un héritage d'avenir /</subfield>
         <subfield code="r">Carla Khater [and 5 others] --</subfield>
         <subfield code="t">Forêts, sols et sociétés: une longue histoire commune /</subfield>
         <subfield code="r">Romana Harfouche [and 3 others] --</subfield>
         <subfield code="t">Utilisation de la télédétection et des techniques SIG pour l'évaluation et la cartographie des risques de feux de forêts dans le bassin versant du Nahr Ibrahim /</subfield>
         <subfield code="r">Talal Darwich [and 5 others] --</subfield>
         <subfield code="t">Pédogenèse et taphonomie d'un espace agricole de la Grèce antique: les sols et l'eau sur l'île de Délos /</subfield>
         <subfield code="r">Pierre Poupet --</subfield>
         <subfield code="t">De l'art d'arroser subtilement les jardins: agronomes et économie d'eau entre Antiquité et Renaissance /</subfield>
         <subfield code="r">Pierre Dubuis --</subfield>
         <subfield code="t">L'eau dans la littérature agronomique arabo-byzantine /</subfield>
         <subfield code="r">Bouraoui Trabelsi --</subfield>
         <subfield code="t">Gestion de l'eau et espaces irrigués en al-Andalus /</subfield>
         <subfield code="r">Helena Kirchner --</subfield>
         <subfield code="t">Les bisses valaisans dans l'histoire: une présentation générale /</subfield>
         <subfield code="r">Denis Reynard et Pierre Dubuis --</subfield>
      </datafield>
      <datafield tag="505" ind1="8" ind2="0">
         <subfield code="t">L'eau et la terre: exploitation et gestion des ressources dans les zones minières au nord-ouest de l'Hispanie /</subfield>
         <subfield code="r">Almudena Orejas et María Ruiz del Árbol --</subfield>
         <subfield code="t">Une agriculture à haute altitude dans la montagne méditerranéenne: regard pédoarchéologiques sur le Massif du Carlit (Pyrénées-Orientales, France) /</subfield>
         <subfield code="r">Romana Harfouche --</subfield>
         <subfield code="t">Développement de politiques publiques pour la préservation de l'agriculture en terrasses dans l'union européenne /</subfield>
         <subfield code="r">Sabina Asins-Velis et Joan Romero-González.</subfield>
      </datafield>
      <datafield tag="610" ind1="2" ind2="0">
         <subfield code="a">Markaz al-Tawthīq wa-al-Buḥūth (Judaydah, Lebanon)</subfield>
      </datafield>
      <datafield tag="650" ind1=" " ind2="0">
         <subfield code="a">Excavations (Archaeology)</subfield>
         <subfield code="z">Lebanon.</subfield>
      </datafield>
      <datafield tag="651" ind1=" " ind2="0">
         <subfield code="a">Byblos (Extinct city)</subfield>
      </datafield>
      <datafield tag="651" ind1=" " ind2="0">
         <subfield code="a">Lebanon</subfield>
         <subfield code="x">Antiquities.</subfield>
      </datafield>
      <datafield tag="650" ind1=" " ind2="0">
         <subfield code="a">Water use</subfield>
         <subfield code="z">History</subfield>
         <subfield code="y">To 1500.</subfield>
      </datafield>
      <datafield tag="651" ind1=" " ind2="7">
         <subfield code="a">Adonis fl.</subfield>
         <subfield code="2">pleiades</subfield>
         <subfield code="0">https://pleiades.stoa.org/places/668180</subfield>
         <subfield code="5">NyNyUAW</subfield>
      </datafield>
      <datafield tag="651" ind1=" " ind2="7">
         <subfield code="a">Byblos.</subfield>
         <subfield code="2">pleiades</subfield>
         <subfield code="0">https://pleiades.stoa.org/places/668216</subfield>
         <subfield code="5">NyNyUAW</subfield>
      </datafield>
      <datafield tag="650" ind1=" " ind2="7">
         <subfield code="a">Antiquities.</subfield>
         <subfield code="2">fast</subfield>
         <subfield code="0">(OCoLC)fst00810745</subfield>
      </datafield>
      <datafield tag="650" ind1=" " ind2="7">
         <subfield code="a">Excavations (Archaeology)</subfield>
         <subfield code="2">fast</subfield>
         <subfield code="0">(OCoLC)fst00917564</subfield>
      </datafield>
      <datafield tag="651" ind1=" " ind2="7">
         <subfield code="a">Lebanon.</subfield>
         <subfield code="2">fast</subfield>
         <subfield code="0">(OCoLC)fst01206063</subfield>
      </datafield>
      <datafield tag="651" ind1=" " ind2="7">
         <subfield code="a">Lebanon</subfield>
         <subfield code="z">Byblos (Extinct city)</subfield>
         <subfield code="2">fast</subfield>
         <subfield code="0">(OCoLC)fst01897295</subfield>
      </datafield>
      <datafield tag="655" ind1=" " ind2="7">
         <subfield code="a">History.</subfield>
         <subfield code="2">fast</subfield>
         <subfield code="0">(OCoLC)fst01411628</subfield>
      </datafield>
      <datafield tag="700" ind1="1" ind2=" ">
         <subfield code="a">Harfouche, Romana,</subfield>
         <subfield code="e">editor.</subfield>
      </datafield>
      <datafield tag="700" ind1="1" ind2=" ">
         <subfield code="a">Poupet, Pierre,</subfield>
         <subfield code="e">editor.</subfield>
      </datafield>
      <datafield tag="OWN" ind1=" " ind2=" ">
         <subfield code="a">GENERAL</subfield>
      </datafield>
      <datafield tag="AVA" ind1=" " ind2=" ">
         <subfield code="a">NYU50</subfield>
         <subfield code="b">NISAW</subfield>
         <subfield code="c">Large Collection</subfield>
         <subfield code="d">DS89.B9 D8 2015 Non-circulating</subfield>
         <subfield code="e">available</subfield>
         <subfield code="t">Available</subfield>
         <subfield code="f">1</subfield>
         <subfield code="g">0</subfield>
         <subfield code="h">N</subfield>
         <subfield code="i">0</subfield>
         <subfield code="j">LARGE</subfield>
         <subfield code="k">0</subfield>
      </datafield>
      <marc:datafield tag="852" ind1=" " ind2=" ">
         <marc:subfield code="b">Institute for the Study of the Ancient World, </marc:subfield>
         <marc:subfield code="c">Large Collection</marc:subfield>
         <marc:subfield code="e">15 East 84th St., </marc:subfield>
         <marc:subfield code="e">New York, NY  10028</marc:subfield>
      </marc:datafield>
   </record>