
  
  
  
  
  
  
  
  
  
  
  
  
 
  
  <record xsi:schemaLocation="http://www.loc.gov/MARC21/slim http://www.loc.gov/standards/marcxml/schema/MARC21slim.xsd">
      <leader>00000cam a2200457 i 4500</leader>
      <controlfield tag="FMT">BK</controlfield>
      <controlfield tag="LDR">00000cam a2200457 i 4500</controlfield>
      <controlfield tag="001">003748814</controlfield>
      <controlfield tag="003">OCoLC</controlfield>
      <controlfield tag="005">20170202112052.0</controlfield>
      <controlfield tag="008">130315s2013    be abe   b    001 0 eng c</controlfield>
      <datafield tag="020" ind1=" " ind2=" ">
         <subfield code="a">9782503534985</subfield>
         <subfield code="q">(pbk.)</subfield>
      </datafield>
      <datafield tag="020" ind1=" " ind2=" ">
         <subfield code="a">2503534988</subfield>
         <subfield code="q">(pbk.)</subfield>
      </datafield>
      <datafield tag="035" ind1=" " ind2=" ">
         <subfield code="a">(OCoLC)830299234</subfield>
         <subfield code="z">(OCoLC)829755139</subfield>
      </datafield>
      <datafield tag="040" ind1=" " ind2=" ">
         <subfield code="a">OHX</subfield>
         <subfield code="b">eng</subfield>
         <subfield code="e">rda</subfield>
         <subfield code="c">OHX</subfield>
         <subfield code="d">YDXCP</subfield>
         <subfield code="d">CGU</subfield>
         <subfield code="d">OCLCQ</subfield>
         <subfield code="d">OCLCA</subfield>
         <subfield code="d">BTCTA</subfield>
         <subfield code="d">OCLCF</subfield>
         <subfield code="d">OCLCA</subfield>
         <subfield code="d">EUX</subfield>
         <subfield code="d">CUY</subfield>
         <subfield code="d">FDA</subfield>
         <subfield code="d">OCLCQ</subfield>
      </datafield>
      <datafield tag="042" ind1=" " ind2=" ">
         <subfield code="a">pcc</subfield>
      </datafield>
      <datafield tag="043" ind1=" " ind2=" ">
         <subfield code="a">a-cy---</subfield>
      </datafield>
      <datafield tag="050" ind1=" " ind2="4">
         <subfield code="a">DS54.3</subfield>
         <subfield code="b">.C977 2013</subfield>
      </datafield>
      <datafield tag="072" ind1=" " ind2="7">
         <subfield code="a">GN</subfield>
         <subfield code="2">lcco</subfield>
      </datafield>
      <datafield tag="079" ind1=" " ind2=" ">
         <subfield code="a">(OCoLC)830299234</subfield>
      </datafield>
      <datafield tag="090" ind1=" " ind2=" ">
         <subfield code="a">DS62.23</subfield>
         <subfield code="b">.A733 v.2</subfield>
      </datafield>
      <datafield tag="245" ind1="0" ind2="0">
         <subfield code="a">Cyprus /</subfield>
         <subfield code="c">Edgar Peltenburg (ed.) ; with contributions by Diane Bolger, David Frankel, Vasiliki Kassianidou, Priscilla Keswani, Carole McCartney, Demetra Papaconstantinou, Charalambos Paraskeva &amp; Jennifer M. Webb.</subfield>
      </datafield>
      <datafield tag="264" ind1=" " ind2="1">
         <subfield code="a">Turnhout :</subfield>
         <subfield code="b">Brepols,</subfield>
         <subfield code="c">2013.</subfield>
      </datafield>
      <datafield tag="300" ind1=" " ind2=" ">
         <subfield code="a">x, 375 pages :</subfield>
         <subfield code="b">illustrations, map, plans ;</subfield>
         <subfield code="c">30 cm.</subfield>
      </datafield>
      <datafield tag="336" ind1=" " ind2=" ">
         <subfield code="a">text</subfield>
         <subfield code="b">txt</subfield>
         <subfield code="2">rdacontent</subfield>
      </datafield>
      <datafield tag="337" ind1=" " ind2=" ">
         <subfield code="a">unmediated</subfield>
         <subfield code="b">n</subfield>
         <subfield code="2">rdamedia</subfield>
      </datafield>
      <datafield tag="338" ind1=" " ind2=" ">
         <subfield code="a">volume</subfield>
         <subfield code="b">nc</subfield>
         <subfield code="2">rdacarrier</subfield>
      </datafield>
      <datafield tag="490" ind1="1" ind2=" ">
         <subfield code="a">Associated regional chronologies for the Ancient Near East and the Eastern Mediterranean (ARCANE) ;</subfield>
         <subfield code="v">vol. II</subfield>
      </datafield>
      <datafield tag="504" ind1=" " ind2=" ">
         <subfield code="a">Includes bibliographical references (pages 349-370) and index.</subfield>
      </datafield>
      <datafield tag="505" ind1="0" ind2="0">
         <subfield code="g">Introduction /</subfield>
         <subfield code="r">Edgar Peltenburg, David Frankel, Jennifer M. Webb --</subfield>
         <subfield code="t">Stratigraphy in a non-tell archaeological environment /</subfield>
         <subfield code="r">David Frankel, Priscilla Keswani, Demetra Papaconstantinou, Edgar Peltenburg, Jennifer M. Webb --</subfield>
         <subfield code="t">Ceramics /</subfield>
         <subfield code="r">Diane Bolger, Jennifer M. Webb --</subfield>
         <subfield code="t">Settlement planning and architecture /</subfield>
         <subfield code="r">Demetra Papconstantinou --</subfield>
         <subfield code="t">Burial practices in 3rd millennium Cyprus :</subfield>
         <subfield code="t">a chronological overview /</subfield>
         <subfield code="r">Priscilla Keswani --</subfield>
         <subfield code="t">Metals /</subfield>
         <subfield code="r">Vasiliki Kassianidou --</subfield>
         <subfield code="t">Figurines and other objects /</subfield>
         <subfield code="r">Edgar Peltenburg, Jennifer M. Webb --</subfield>
         <subfield code="t">Lithic artefacts /</subfield>
         <subfield code="r">Carole McCartney --</subfield>
         <subfield code="t">Radiocarbon /</subfield>
         <subfield code="r">Edgar Peltenburg, David Frankel, Charalambos Paraskeva --</subfield>
         <subfield code="g">Conclusions /</subfield>
         <subfield code="r">Edgar Peltenburg.</subfield>
      </datafield>
      <datafield tag="520" ind1=" " ind2=" ">
         <subfield code="a">The aim of this volume is to establish the archaeological sequence of 3rd millennium Cyprus based on the ARCANE criteria of selected benchmark assemblages.</subfield>
      </datafield>
      <datafield tag="651" ind1=" " ind2="0">
         <subfield code="a">Cyprus</subfield>
         <subfield code="x">Antiquities.</subfield>
      </datafield>
      <datafield tag="651" ind1=" " ind2="0">
         <subfield code="a">Cyprus</subfield>
         <subfield code="x">History</subfield>
         <subfield code="v">Chronology.</subfield>
         <subfield code="5">NyNyUAW</subfield>
      </datafield>
      <datafield tag="650" ind1=" " ind2="0">
         <subfield code="a">Bronze age</subfield>
         <subfield code="z">Cyprus.</subfield>
         <subfield code="5">NyNyUAW</subfield>
      </datafield>
      <datafield tag="651" ind1=" " ind2="7">
         <subfield code="a">Cyprus (island)</subfield>
         <subfield code="2">pleiades</subfield>
         <subfield code="0">https://pleiades.stoa.org/places/707498</subfield>
         <subfield code="5">NyNyUAW</subfield>
      </datafield>
      <datafield tag="650" ind1=" " ind2="7">
         <subfield code="a">Antiquities.</subfield>
         <subfield code="2">fast</subfield>
         <subfield code="0">(OCoLC)fst00810745</subfield>
      </datafield>
      <datafield tag="651" ind1=" " ind2="7">
         <subfield code="a">Cyprus.</subfield>
         <subfield code="2">fast</subfield>
         <subfield code="0">(OCoLC)fst01205213</subfield>
      </datafield>
      <datafield tag="700" ind1="1" ind2=" ">
         <subfield code="a">Peltenburg, E. J.,</subfield>
         <subfield code="e">editor.</subfield>
      </datafield>
      <datafield tag="710" ind1="2" ind2=" ">
         <subfield code="a">ARCANE Project,</subfield>
         <subfield code="e">sponsor.</subfield>
         <subfield code="5">NyNyUAW</subfield>
      </datafield>
      <datafield tag="830" ind1=" " ind2="0">
         <subfield code="a">ARCANE (Series) ;</subfield>
         <subfield code="v">2.</subfield>
      </datafield>
      <datafield tag="994" ind1=" " ind2=" ">
         <subfield code="a">Z0</subfield>
         <subfield code="b">ZYU</subfield>
      </datafield>
      <datafield tag="OWN" ind1=" " ind2=" ">
         <subfield code="a">GENERAL</subfield>
      </datafield>
      <datafield tag="AVA" ind1=" " ind2=" ">
         <subfield code="a">NYU50</subfield>
         <subfield code="b">NIFA</subfield>
         <subfield code="c">Main Collection</subfield>
         <subfield code="d">DS54.3 .C977 2013 Non-circulating</subfield>
         <subfield code="e">available</subfield>
         <subfield code="t">Available</subfield>
         <subfield code="f">1</subfield>
         <subfield code="g">0</subfield>
         <subfield code="h">N</subfield>
         <subfield code="i">0</subfield>
         <subfield code="j">MAIN</subfield>
         <subfield code="k">0</subfield>
      </datafield>
      <datafield tag="AVA" ind1=" " ind2=" ">
         <subfield code="a">NYU50</subfield>
         <subfield code="b">NISAW</subfield>
         <subfield code="c">Large Collection</subfield>
         <subfield code="d">DS62.23 .A733 v.2 2013 Non-circulating</subfield>
         <subfield code="e">available</subfield>
         <subfield code="t">Available</subfield>
         <subfield code="f">1</subfield>
         <subfield code="g">0</subfield>
         <subfield code="h">N</subfield>
         <subfield code="i">0</subfield>
         <subfield code="j">LARGE</subfield>
         <subfield code="k">0</subfield>
      </datafield>
      <marc:datafield tag="852" ind1=" " ind2=" ">
         <marc:subfield code="b">Institute for the Study of the Ancient World, </marc:subfield>
         <marc:subfield code="c">Large Collection</marc:subfield>
         <marc:subfield code="e">15 East 84th St., </marc:subfield>
         <marc:subfield code="e">New York, NY  10028</marc:subfield>
      </marc:datafield>
   </record>