
  
  
  
  
  
  
  
  
  
 
  
  <record xsi:schemaLocation="http://www.loc.gov/MARC21/slim http://www.loc.gov/standards/marcxml/schema/MARC21slim.xsd">
      <leader>00000cam a2200721Ii 4500</leader>
      <controlfield tag="FMT">BK</controlfield>
      <controlfield tag="LDR">00000cam a2200721Ii 4500</controlfield>
      <controlfield tag="001">004120545</controlfield>
      <controlfield tag="003">OCoLC</controlfield>
      <controlfield tag="005">20170202114751.0</controlfield>
      <controlfield tag="008">150317t20152015be abe   b    001 0 eng d</controlfield>
      <datafield tag="020" ind1=" " ind2=" ">
         <subfield code="a">9782503534954</subfield>
         <subfield code="q">(paperback)</subfield>
      </datafield>
      <datafield tag="020" ind1=" " ind2=" ">
         <subfield code="a">2503534953</subfield>
         <subfield code="q">(paperback)</subfield>
      </datafield>
      <datafield tag="035" ind1=" " ind2=" ">
         <subfield code="a">(OCoLC)904979693</subfield>
         <subfield code="z">(OCoLC)869264519</subfield>
         <subfield code="z">(OCoLC)903414752</subfield>
      </datafield>
      <datafield tag="040" ind1=" " ind2=" ">
         <subfield code="a">JHE</subfield>
         <subfield code="b">eng</subfield>
         <subfield code="e">rda</subfield>
         <subfield code="c">JHE</subfield>
         <subfield code="d">NLGGC</subfield>
         <subfield code="d">BTCTA</subfield>
         <subfield code="d">YDXCP</subfield>
         <subfield code="d">OHX</subfield>
         <subfield code="d">CDX</subfield>
         <subfield code="d">FDA</subfield>
         <subfield code="d">ZWZ</subfield>
         <subfield code="d">UAB</subfield>
         <subfield code="d">PAU</subfield>
         <subfield code="d">OUN</subfield>
         <subfield code="d">OCLCF</subfield>
         <subfield code="d">JPG</subfield>
         <subfield code="d">OCLCQ</subfield>
         <subfield code="d">ZYU</subfield>
      </datafield>
      <datafield tag="043" ind1=" " ind2=" ">
         <subfield code="a">a-sy---</subfield>
         <subfield code="a">a-tu---</subfield>
      </datafield>
      <datafield tag="050" ind1=" " ind2="4">
         <subfield code="a">DS99.E96</subfield>
         <subfield code="b">M53x 2015</subfield>
      </datafield>
      <datafield tag="072" ind1=" " ind2="7">
         <subfield code="a">DS</subfield>
         <subfield code="2">lcco</subfield>
      </datafield>
      <datafield tag="079" ind1=" " ind2=" ">
         <subfield code="a">(OCoLC)904979693</subfield>
      </datafield>
      <datafield tag="082" ind1="0" ind2="4">
         <subfield code="a">939.4</subfield>
         <subfield code="2">23</subfield>
      </datafield>
      <datafield tag="090" ind1=" " ind2=" ">
         <subfield code="a">DS62.23</subfield>
         <subfield code="b">.A733 v.4 2015</subfield>
      </datafield>
      <datafield tag="245" ind1="0" ind2="0">
         <subfield code="a">Middle Euphrates /</subfield>
         <subfield code="c">Uwe Finkbeiner [and three others] (eds.) ; with contributions by M. Bouso [and thirteen others].</subfield>
      </datafield>
      <datafield tag="264" ind1=" " ind2="1">
         <subfield code="a">Turnhout :</subfield>
         <subfield code="b">Brepols,</subfield>
         <subfield code="c">[2015]</subfield>
      </datafield>
      <datafield tag="264" ind1=" " ind2="4">
         <subfield code="c">©2015</subfield>
      </datafield>
      <datafield tag="300" ind1=" " ind2=" ">
         <subfield code="a">xi, 493 pages :</subfield>
         <subfield code="b">illustrations, maps, plans ;</subfield>
         <subfield code="c">30 cm.</subfield>
      </datafield>
      <datafield tag="336" ind1=" " ind2=" ">
         <subfield code="a">text</subfield>
         <subfield code="b">txt</subfield>
         <subfield code="2">rdacontent</subfield>
      </datafield>
      <datafield tag="337" ind1=" " ind2=" ">
         <subfield code="a">unmediated</subfield>
         <subfield code="b">n</subfield>
         <subfield code="2">rdamedia</subfield>
      </datafield>
      <datafield tag="338" ind1=" " ind2=" ">
         <subfield code="a">volume</subfield>
         <subfield code="b">nc</subfield>
         <subfield code="2">rdacarrier</subfield>
      </datafield>
      <datafield tag="490" ind1="1" ind2=" ">
         <subfield code="a">ARCANE ;</subfield>
         <subfield code="v">IV</subfield>
      </datafield>
      <datafield tag="504" ind1=" " ind2=" ">
         <subfield code="a">Includes bibliographical references and index.</subfield>
      </datafield>
      <datafield tag="505" ind1="0" ind2="0">
         <subfield code="g">Foreword /</subfield>
         <subfield code="r">Uwe Finkbeiner, Mirko Novák, Ferhan Sakal, Paola Sconzo --</subfield>
         <subfield code="g">Introduction /</subfield>
         <subfield code="r">Uwe Finkbeiner, Mirko Novák, Marc Lebeau --</subfield>
         <subfield code="t">Stratigraphy /</subfield>
         <subfield code="r">Uwe Finkbeiner --</subfield>
         <subfield code="t">Urbanism and architecture /</subfield>
         <subfield code="r">Mirko Novák --</subfield>
         <subfield code="t">Ceramics /</subfield>
         <subfield code="r">Paola Sconzo --</subfield>
         <subfield code="t">Glyptic and art /</subfield>
         <subfield code="r">Candida Felli --</subfield>
         <subfield code="t">Anthropomorphic terracotta figurines /</subfield>
         <subfield code="r">Ferhan Sakal --</subfield>
         <subfield code="t">Animal terracotta figurines and model vehicles /</subfield>
         <subfield code="r">Alexander Pruß --</subfield>
         <subfield code="t">Metal /</subfield>
         <subfield code="r">Filomena Fausta Squadrone --</subfield>
         <subfield code="t">Lithics /</subfield>
         <subfield code="r">Judith Thomalsky --</subfield>
         <subfield code="t">Bone objects /</subfield>
         <subfield code="r">Hermann Genz --</subfield>
         <subfield code="t">Burials and funerary practices /</subfield>
         <subfield code="r">Mónica Bouso --</subfield>
         <subfield code="t">Radiocarbon chronology /</subfield>
         <subfield code="r">Katleen Deckers, Philipp Drechsler, Paola Sconzo --</subfield>
         <subfield code="t">History and philology /</subfield>
         <subfield code="r">Gianni Marchesi --</subfield>
         <subfield code="g">Conclusion /</subfield>
         <subfield code="r">Uwe Finkbeiner, Mirko Novák, Ferhan Sakal, Paolo Sconzo.</subfield>
      </datafield>
      <datafield tag="520" ind1=" " ind2=" ">
         <subfield code="a">"The Middle Euphrates region extends between Jezirah and Northern Levant; it follows the course of the Euphrates from the south flanks of the Taurus mountains in Turkey almost to the modern border with Iraq. ... The international rescue excavations in the wake of dam projects in Turkey as well as in Syria yielded abundant material. The present study takes into account the results of more than forty sites. In agreement with the principles of ARCANE, this richly illustrated account is divided along find groups and written by experts who supplemented their specific chronological findings thus arriving at a new periodization and terminology for the 3rd milennium"--</subfield>
         <subfield code="c">Back cover.</subfield>
      </datafield>
      <datafield tag="650" ind1=" " ind2="0">
         <subfield code="a">Excavations (Archaeology)</subfield>
         <subfield code="z">Euphrates River Valley.</subfield>
      </datafield>
      <datafield tag="651" ind1=" " ind2="0">
         <subfield code="a">Euphrates River Valley</subfield>
         <subfield code="x">Antiquities.</subfield>
      </datafield>
      <datafield tag="651" ind1=" " ind2="0">
         <subfield code="a">Euphrates River Valley</subfield>
         <subfield code="x">History</subfield>
         <subfield code="v">Chronology.</subfield>
      </datafield>
      <datafield tag="651" ind1=" " ind2="0">
         <subfield code="a">Syria</subfield>
         <subfield code="x">Antiquities.</subfield>
      </datafield>
      <datafield tag="651" ind1=" " ind2="0">
         <subfield code="a">Syria</subfield>
         <subfield code="x">History</subfield>
         <subfield code="v">Chronology.</subfield>
      </datafield>
      <datafield tag="651" ind1=" " ind2="0">
         <subfield code="a">Turkey</subfield>
         <subfield code="x">Antiquities.</subfield>
      </datafield>
      <datafield tag="651" ind1=" " ind2="0">
         <subfield code="a">Turkey</subfield>
         <subfield code="x">History</subfield>
         <subfield code="v">Chronology.</subfield>
      </datafield>
      <datafield tag="650" ind1=" " ind2="0">
         <subfield code="a">Bronze age</subfield>
         <subfield code="z">Euphrates River Valley.</subfield>
      </datafield>
      <datafield tag="650" ind1=" " ind2="0">
         <subfield code="a">Bronze age</subfield>
         <subfield code="z">Turkey.</subfield>
      </datafield>
      <datafield tag="650" ind1=" " ind2="0">
         <subfield code="a">Bronze age</subfield>
         <subfield code="z">Syria.</subfield>
      </datafield>
      <datafield tag="651" ind1=" " ind2="7">
         <subfield code="a">Euphrates.</subfield>
         <subfield code="2">pleiades</subfield>
         <subfield code="0">https://pleiades.stoa.org/places/912849</subfield>
         <subfield code="5">NyNyUAW</subfield>
      </datafield>
      <datafield tag="650" ind1=" " ind2="7">
         <subfield code="a">Antiquities.</subfield>
         <subfield code="2">fast</subfield>
         <subfield code="0">(OCoLC)fst00810745</subfield>
      </datafield>
      <datafield tag="650" ind1=" " ind2="7">
         <subfield code="a">Excavations (Archaeology)</subfield>
         <subfield code="2">fast</subfield>
         <subfield code="0">(OCoLC)fst00917564</subfield>
      </datafield>
      <datafield tag="651" ind1=" " ind2="7">
         <subfield code="a">Middle East</subfield>
         <subfield code="z">Euphrates River Valley.</subfield>
         <subfield code="2">fast</subfield>
         <subfield code="0">(OCoLC)fst01274204</subfield>
      </datafield>
      <datafield tag="651" ind1=" " ind2="7">
         <subfield code="a">Syria.</subfield>
         <subfield code="2">fast</subfield>
         <subfield code="0">(OCoLC)fst01208757</subfield>
      </datafield>
      <datafield tag="651" ind1=" " ind2="7">
         <subfield code="a">Turkey.</subfield>
         <subfield code="2">fast</subfield>
         <subfield code="0">(OCoLC)fst01208963</subfield>
      </datafield>
      <datafield tag="651" ind1=" " ind2="7">
         <subfield code="a">Euphrate (cours d'eau)</subfield>
         <subfield code="x">Fouilles archéologiques.</subfield>
         <subfield code="2">ram</subfield>
      </datafield>
      <datafield tag="700" ind1="1" ind2=" ">
         <subfield code="a">Finkbeiner, Uwe,</subfield>
         <subfield code="e">editor.</subfield>
      </datafield>
      <datafield tag="700" ind1="1" ind2=" ">
         <subfield code="a">Bouso, Mónica,</subfield>
         <subfield code="e">writer of supplementary textual content.</subfield>
      </datafield>
      <datafield tag="710" ind1="2" ind2=" ">
         <subfield code="a">ARCANE Project,</subfield>
         <subfield code="e">sponsor.</subfield>
      </datafield>
      <datafield tag="773" ind1="0" ind2="8">
         <subfield code="i">(MP)</subfield>
         <subfield code="7">nnam</subfield>
         <subfield code="t">Associated Regional Chronologies for the Ancient Near East and the Eastern Mediterranean (ARCANE)</subfield>
         <subfield code="g">Vol. IV</subfield>
         <subfield code="w">(NL-LeOCL)341006432</subfield>
         <subfield code="w">(OCoLC)780689041</subfield>
      </datafield>
      <datafield tag="830" ind1=" " ind2="0">
         <subfield code="a">ARCANE (Series) ;</subfield>
         <subfield code="v">4.</subfield>
      </datafield>
      <datafield tag="OWN" ind1=" " ind2=" ">
         <subfield code="a">GENERAL</subfield>
      </datafield>
      <datafield tag="AVA" ind1=" " ind2=" ">
         <subfield code="a">NYU50</subfield>
         <subfield code="b">NIFA</subfield>
         <subfield code="c">Main Collection</subfield>
         <subfield code="d">DS99.E86 M53 2015 Non-circulating</subfield>
         <subfield code="e">available</subfield>
         <subfield code="t">Available</subfield>
         <subfield code="f">1</subfield>
         <subfield code="g">0</subfield>
         <subfield code="h">N</subfield>
         <subfield code="i">0</subfield>
         <subfield code="j">MAIN</subfield>
         <subfield code="k">0</subfield>
      </datafield>
      <datafield tag="AVA" ind1=" " ind2=" ">
         <subfield code="a">NYU50</subfield>
         <subfield code="b">NISAW</subfield>
         <subfield code="c">Large Collection</subfield>
         <subfield code="d">DS62.23 .A733 v.4 2015 Non-circulating</subfield>
         <subfield code="e">available</subfield>
         <subfield code="t">Available</subfield>
         <subfield code="f">1</subfield>
         <subfield code="g">0</subfield>
         <subfield code="h">N</subfield>
         <subfield code="i">0</subfield>
         <subfield code="j">LARGE</subfield>
         <subfield code="k">0</subfield>
      </datafield>
      <marc:datafield tag="852" ind1=" " ind2=" ">
         <marc:subfield code="b">Institute for the Study of the Ancient World, </marc:subfield>
         <marc:subfield code="c">Large Collection</marc:subfield>
         <marc:subfield code="e">15 East 84th St., </marc:subfield>
         <marc:subfield code="e">New York, NY  10028</marc:subfield>
      </marc:datafield>
   </record>