
  
  
  
  
  
  
  
  
  
  
  
 
  
  <record xsi:schemaLocation="http://www.loc.gov/MARC21/slim http://www.loc.gov/standards/marcxml/schema/MARC21slim.xsd">
      <leader>00000cam a2200397I  4500</leader>
      <controlfield tag="FMT">BK</controlfield>
      <controlfield tag="LDR">00000cam a2200397I  4500</controlfield>
      <controlfield tag="001">004600736</controlfield>
      <controlfield tag="003">OCoLC</controlfield>
      <controlfield tag="005">20170203160700.0</controlfield>
      <controlfield tag="008">170203s1970    gw f          000 0 ger d</controlfield>
      <datafield tag="035" ind1=" " ind2=" ">
         <subfield code="a">(OCoLC)888456</subfield>
      </datafield>
      <datafield tag="040" ind1=" " ind2=" ">
         <subfield code="a">BNG</subfield>
         <subfield code="b">eng</subfield>
         <subfield code="c">BNG</subfield>
         <subfield code="d">OCLCQ</subfield>
         <subfield code="d">OCLCG</subfield>
         <subfield code="d">IL4J6</subfield>
         <subfield code="d">OL$-</subfield>
         <subfield code="d">OCLCO</subfield>
         <subfield code="d">OCLCQ</subfield>
         <subfield code="d">OCLCF</subfield>
         <subfield code="d">ZYU</subfield>
      </datafield>
      <datafield tag="041" ind1=" " ind2=" ">
         <subfield code="a">ger</subfield>
         <subfield code="a">egy</subfield>
      </datafield>
      <datafield tag="043" ind1=" " ind2=" ">
         <subfield code="a">f-ua---</subfield>
      </datafield>
      <datafield tag="050" ind1=" " ind2="4">
         <subfield code="a">PJ1661</subfield>
         <subfield code="b">.B5 1970</subfield>
      </datafield>
      <datafield tag="079" ind1=" " ind2=" ">
         <subfield code="a">(OCoLC)888456</subfield>
      </datafield>
      <datafield tag="082" ind1="0" ind2="4">
         <subfield code="a">493.1</subfield>
         <subfield code="2">22</subfield>
      </datafield>
      <datafield tag="110" ind1="2" ind2=" ">
         <subfield code="a">Königliche Museen zu Berlin.</subfield>
      </datafield>
      <datafield tag="245" ind1="1" ind2="0">
         <subfield code="a">Hieratische papyrus aus den Königlichen museen zu Berlin /</subfield>
         <subfield code="c">Herausgegeben von der Generalverwaltung.</subfield>
      </datafield>
      <datafield tag="246" ind1="3" ind2=" ">
         <subfield code="a">Literarische Texte des Mittleren Reiches</subfield>
      </datafield>
      <datafield tag="260" ind1=" " ind2=" ">
         <subfield code="a">Leipzig :</subfield>
         <subfield code="b">Zentral-antiquariat der Deutschen Demokratischen Republik,</subfield>
         <subfield code="c">1970.</subfield>
      </datafield>
      <datafield tag="300" ind1=" " ind2=" ">
         <subfield code="a">5 volumes</subfield>
         <subfield code="b">plates</subfield>
         <subfield code="c">43 cm</subfield>
      </datafield>
      <datafield tag="336" ind1=" " ind2=" ">
         <subfield code="a">text</subfield>
         <subfield code="b">txt</subfield>
         <subfield code="2">rdacontent</subfield>
      </datafield>
      <datafield tag="336" ind1=" " ind2=" ">
         <subfield code="a">still image</subfield>
         <subfield code="b">sti</subfield>
         <subfield code="2">rdacontent</subfield>
      </datafield>
      <datafield tag="337" ind1=" " ind2=" ">
         <subfield code="a">unmediated</subfield>
         <subfield code="b">n</subfield>
         <subfield code="2">rdamedia</subfield>
      </datafield>
      <datafield tag="338" ind1=" " ind2=" ">
         <subfield code="a">volume</subfield>
         <subfield code="b">nc</subfield>
         <subfield code="2">rdacarrier</subfield>
      </datafield>
      <datafield tag="500" ind1=" " ind2=" ">
         <subfield code="a">Reprint; originally published: Leipzig: J.C. Hinrichs, 1901-1909.</subfield>
      </datafield>
      <datafield tag="500" ind1=" " ind2=" ">
         <subfield code="a">Volumes 4 and 5 have distinctive title page: Literarische Texte des Mittleren Reiches (parts I and II respectively)--Hrsg. von Adolf Erman.</subfield>
      </datafield>
      <datafield tag="505" ind1="0" ind2="0">
         <subfield code="g">Bd. 1.</subfield>
         <subfield code="t">Rituale fur den Kultus des Amon und fur den Kultus der Mut --</subfield>
         <subfield code="g">Bd. 2.</subfield>
         <subfield code="t">Hymnen an verschiedene Gotter --</subfield>
         <subfield code="t">Zusatzkapitel zum Totenbuch --</subfield>
         <subfield code="g">Bd. 3.</subfield>
         <subfield code="t">Schriftstucke der VI. Dynastie aus Elephantine --</subfield>
         <subfield code="t">Zauberspruche fur Mutter und Kind --</subfield>
         <subfield code="t">Ostraka --</subfield>
         <subfield code="g">Bd. 4.</subfield>
         <subfield code="t">Literarische Texte des Mittleren Reiches I.</subfield>
         <subfield code="t">Die Klagen des Bauern /</subfield>
         <subfield code="r">bearbeitet von F. Vogelsanf und Alan H. Gardiner, Umschreibung und Ubersetzung --</subfield>
         <subfield code="g">Bd. 5.</subfield>
         <subfield code="t">Literarische Texte des Mittleren Reiches II.</subfield>
         <subfield code="t">Die Erzahlung des Sinuhe und die Hirtengeschichte /</subfield>
         <subfield code="r">bearbeitet von Alan H. Gardiner, Umschreibung und Ubersetzung.</subfield>
      </datafield>
      <datafield tag="546" ind1=" " ind2=" ">
         <subfield code="a">Introductory material in German; texts in Hieratic Egyptian.</subfield>
      </datafield>
      <datafield tag="650" ind1=" " ind2="0">
         <subfield code="a">Egyptian language</subfield>
         <subfield code="v">Papyri, Hieratic.</subfield>
      </datafield>
      <datafield tag="650" ind1=" " ind2="7">
         <subfield code="a">Egyptian language.</subfield>
         <subfield code="2">fast</subfield>
         <subfield code="0">(OCoLC)fst00903925</subfield>
      </datafield>
      <datafield tag="655" ind1=" " ind2="7">
         <subfield code="a">Papyri, Hieratic.</subfield>
         <subfield code="2">fast</subfield>
         <subfield code="0">(OCoLC)fst01930958</subfield>
      </datafield>
      <datafield tag="700" ind1="1" ind2=" ">
         <subfield code="a">Erman, Adolf,</subfield>
         <subfield code="d">1854-1937.</subfield>
      </datafield>
      <datafield tag="994" ind1=" " ind2=" ">
         <subfield code="a">Z0</subfield>
         <subfield code="b">ZYU</subfield>
      </datafield>
      <datafield tag="OWN" ind1=" " ind2=" ">
         <subfield code="a">GENERAL</subfield>
      </datafield>
      <datafield tag="AVA" ind1=" " ind2=" ">
         <subfield code="a">NYU50</subfield>
         <subfield code="b">NISAW</subfield>
         <subfield code="c">Folio Collection</subfield>
         <subfield code="d">PJ1661 .B5 1970 Non-circulating</subfield>
         <subfield code="e">available</subfield>
         <subfield code="t">Available</subfield>
         <subfield code="f">3</subfield>
         <subfield code="g">0</subfield>
         <subfield code="h">Y</subfield>
         <subfield code="i">0</subfield>
         <subfield code="j">FOLIO</subfield>
         <subfield code="k">0</subfield>
      </datafield>
      <marc:datafield tag="852" ind1=" " ind2=" ">
         <marc:subfield code="b">Institute for the Study of the Ancient World, </marc:subfield>
         <marc:subfield code="c">Folio Collection</marc:subfield>
         <marc:subfield code="e">15 East 84th St., </marc:subfield>
         <marc:subfield code="e">New York, NY  10028</marc:subfield>
      </marc:datafield>
   </record>