
  
  
  
  
  
  
  
  
  
 
  
  <record xsi:schemaLocation="http://www.loc.gov/MARC21/slim http://www.loc.gov/standards/marcxml/schema/MARC21slim.xsd">
      <leader>00000cam a22     Ii 4500</leader>
      <controlfield tag="FMT">BK</controlfield>
      <controlfield tag="LDR">00000cam a22     Ii 4500</controlfield>
      <controlfield tag="001">004677213</controlfield>
      <controlfield tag="005">20170227104649.0</controlfield>
      <controlfield tag="008">170207s2017    enkab    b    001 0 eng d</controlfield>
      <datafield tag="020" ind1=" " ind2=" ">
         <subfield code="a">9780415841306</subfield>
         <subfield code="q">(hardback)</subfield>
      </datafield>
      <datafield tag="020" ind1=" " ind2=" ">
         <subfield code="a">0415841305</subfield>
         <subfield code="q">(hardback)</subfield>
      </datafield>
      <datafield tag="020" ind1=" " ind2=" ">
         <subfield code="z">9781315449005</subfield>
         <subfield code="q">(electronic book)</subfield>
      </datafield>
      <datafield tag="035" ind1=" " ind2=" ">
         <subfield code="a">(OCoLC)966174401</subfield>
         <subfield code="z">(OCoLC)919480263</subfield>
      </datafield>
      <datafield tag="040" ind1=" " ind2=" ">
         <subfield code="a">YDX</subfield>
         <subfield code="b">eng</subfield>
         <subfield code="e">rda</subfield>
         <subfield code="c">YDX</subfield>
         <subfield code="d">UAB</subfield>
         <subfield code="d">NAM</subfield>
         <subfield code="d">PAU</subfield>
         <subfield code="d">ZYU</subfield>
      </datafield>
      <datafield tag="050" ind1=" " ind2="4">
         <subfield code="a">CC165</subfield>
         <subfield code="b">.R662 2017</subfield>
      </datafield>
      <datafield tag="079" ind1=" " ind2=" ">
         <subfield code="a">(OCoLC)966174401</subfield>
      </datafield>
      <datafield tag="082" ind1="0" ind2="4">
         <subfield code="a">303.48/2</subfield>
         <subfield code="2">23</subfield>
      </datafield>
      <datafield tag="245" ind1="0" ind2="4">
         <subfield code="a">The Routledge handbook of archaeology and globalization /</subfield>
         <subfield code="c">edited by Tamar Hodos ; with Alexander Geurds, Paul Lane, Ian Lilley, Martin Pitts, Gideon Shelach, Miraim Stark, and Miguel John Versluys.</subfield>
      </datafield>
      <datafield tag="246" ind1="3" ind2="0">
         <subfield code="a">Handbook of archaeology and globalization</subfield>
      </datafield>
      <datafield tag="246" ind1="3" ind2="0">
         <subfield code="a">Archaeology and globalization</subfield>
      </datafield>
      <datafield tag="264" ind1=" " ind2="1">
         <subfield code="a">London ;</subfield>
         <subfield code="a">New York :</subfield>
         <subfield code="b">Routledge, Taylor &amp; Francis Group,</subfield>
         <subfield code="c">2017.</subfield>
      </datafield>
      <datafield tag="300" ind1=" " ind2=" ">
         <subfield code="a">xxiv, 970 pages :</subfield>
         <subfield code="b">illustrations, maps ;</subfield>
         <subfield code="c">25 cm.</subfield>
      </datafield>
      <datafield tag="336" ind1=" " ind2=" ">
         <subfield code="a">text</subfield>
         <subfield code="b">txt</subfield>
         <subfield code="2">rdacontent</subfield>
      </datafield>
      <datafield tag="336" ind1=" " ind2=" ">
         <subfield code="a">still image</subfield>
         <subfield code="b">sti</subfield>
         <subfield code="2">rdacontent</subfield>
      </datafield>
      <datafield tag="336" ind1=" " ind2=" ">
         <subfield code="a">cartographic image</subfield>
         <subfield code="b">cri</subfield>
         <subfield code="2">rdacontent</subfield>
      </datafield>
      <datafield tag="337" ind1=" " ind2=" ">
         <subfield code="a">unmediated</subfield>
         <subfield code="b">n</subfield>
         <subfield code="2">rdamedia</subfield>
      </datafield>
      <datafield tag="338" ind1=" " ind2=" ">
         <subfield code="a">volume</subfield>
         <subfield code="b">nc</subfield>
         <subfield code="2">rdacarrier</subfield>
      </datafield>
      <datafield tag="490" ind1="1" ind2=" ">
         <subfield code="a">Routledge handbooks</subfield>
      </datafield>
      <datafield tag="520" ind1="8" ind2=" ">
         <subfield code="a">This unique collection applies globalization concepts to the discipline of archaeology, using a wide range of global case studies from a group of international specialists. The volume spans from as early as 10,000 cal. BP to the modern era, analysing the relationship between material culture, complex connectivities between communities and groups, and cultural change. Each contributor considers globalization ideas explicitly to explore the socio-cultural connectivities of the past. In considering social practices shared between different historic groups, and also the expression of their respective identities, the papers in this volume illustrate the potential of globalization thinking to bridge the local and global in material culture analysis. The Routledge Handbook of Archaeology and Globalization is the first such volume to take a world archaeology approach, on a multi-period basis, in order to bring together the scope of evidence for the significance of material culture in the processes of globalization. This work thus also provides a means to understand how material culture can be used to assess the impact of global engagement in our contemporary world. As such, it will appeal to archaeologists and historians as well as social science researchers interested in deep history and the origins of globalization.</subfield>
      </datafield>
      <datafield tag="504" ind1=" " ind2=" ">
         <subfield code="a">Includes bibliographical references (pages 950-953) and index.</subfield>
      </datafield>
      <datafield tag="505" ind1="0" ind2="0">
         <subfield code="g">Part 1.</subfield>
         <subfield code="t">Introduction.</subfield>
         <subfield code="t">Globalization: some basics: An introduction to The Routledge Handbook of Archaeology and Globalization /</subfield>
         <subfield code="r">Tamar Hodos --</subfield>
         <subfield code="t">Distinguishing Past Globalizations /</subfield>
         <subfield code="r">Justin Jennings --</subfield>
         <subfield code="t">Globalization, Connectivities and Networks: an archaeological perspective /</subfield>
         <subfield code="r">Carl Knappett --</subfield>
         <subfield code="t">Economic Aspects of Globalization in the Past Material World /</subfield>
         <subfield code="r">Gary M. Feinman --</subfield>
         <subfield code="t">Globalization Thinking and the Past /</subfield>
         <subfield code="r">Robbie Robertson.</subfield>
         <subfield code="g">Part 2.</subfield>
         <subfield code="t">Africa.</subfield>
         <subfield code="t">Africa in and of the World: Archaeological Perspectives on Globalization in the Longue Durée /</subfield>
         <subfield code="r">Paul J. Lane --</subfield>
         <subfield code="t">Exploring Aegyptiaca and their Material Agency throughout Global History /</subfield>
         <subfield code="r">Miguel John Versluys --</subfield>
         <subfield code="t">Globalization: Contact Between West Africa, North Africa and Europe during the European Medieval Period /</subfield>
         <subfield code="r">Scott MacEachern --</subfield>
         <subfield code="t">The Swahili and Globalization in the Indian Ocean /</subfield>
         <subfield code="r">Chapurukha M. Kusimba --</subfield>
         <subfield code="t">European Colonialism and Globalization in Africa in the Nineteenth Century CE /</subfield>
         <subfield code="r">Lydia Wilson Marshall --</subfield>
         <subfield code="t">Global frictions, archaeological heritage, and Chinese construction in Africa /</subfield>
         <subfield code="r">Paul Lane, Cornelia Kleinitz &amp; Yongliang Gao --</subfield>
         <subfield code="t">The Mobile Phone: A Global Good? Modern Material Culture and Communication Technology in Africa /</subfield>
         <subfield code="r">Julia Verne.</subfield>
      </datafield>
      <datafield tag="505" ind1="8" ind2="0">
         <subfield code="g">Part 3.</subfield>
         <subfield code="t">Americas.</subfield>
         <subfield code="t">Globalization Processes as Recognized in the Americas /</subfield>
         <subfield code="r">Alexander Geurds --</subfield>
         <subfield code="t">Olmec Globalization: a Mesoamerican Archipelago of Complexity /</subfield>
         <subfield code="r">Robert M. Rosenswig --</subfield>
         <subfield code="t">On the Horizon: Art, Valuables and Large-Scale Interaction Networks in the Ancient Andes /</subfield>
         <subfield code="r">George F. Lau --</subfield>
         <subfield code="t">Foreigners from Far-Off Islands: Long-Distance Exchange between Western Mesoamerica and Coastal South America (600-1200 CE): a Globalization Analysis /</subfield>
         <subfield code="r">Alexander Geurds --</subfield>
         <subfield code="t">Globalization without Markets? Population Movement and Other Integrative Mechanisms in the Ancient Andes /</subfield>
         <subfield code="r">Bill Sillar --</subfield>
         <subfield code="t">Conquest Worlds: Aztec and Spanish Experiences in Mexico, 1428-1570 CE /</subfield>
         <subfield code="r">Frances F. Berdan --</subfield>
         <subfield code="t">Globalization and the Early Modern Atlantic World, c. 1500-1700 CE /</subfield>
         <subfield code="r">Charles E. Orser, Jr.</subfield>
         <subfield code="g">Part 4.</subfield>
         <subfield code="t">Australasia and Oceania.</subfield>
         <subfield code="t">Globalization Thinking in Australasia and Oceania /</subfield>
         <subfield code="r">Ian Lilley --</subfield>
         <subfield code="t">The Tongan Maritime State: Oceanic Globalization, Polity Collapse and Chaotic Interaction /</subfield>
         <subfield code="r">Geoffrey Clark --</subfield>
         <subfield code="t">Australian Lithic Technology: Evolution, Dispersion and Connectivity /</subfield>
         <subfield code="r">Peter Hiscock &amp; Tim Maloney --</subfield>
         <subfield code="t">Edges of Worlds: Torres Strait Islander Peripheral Participation in Ancient Globalizations /</subfield>
         <subfield code="r">Ian J. McNiven --</subfield>
         <subfield code="t">Melanesian Maritime Middlemen and Pre-Colonial Glocalization /</subfield>
         <subfield code="r">Ian Lilley --</subfield>
         <subfield code="t">Disentangling the Lapita Interaction Spheres: the Global, the Provincial and the Local /</subfield>
         <subfield code="r">Christophe Sand --</subfield>
         <subfield code="t">East Polynesian Connectivity /</subfield>
         <subfield code="r">Marshall Weisler &amp; Richard Walter.</subfield>
      </datafield>
      <datafield tag="505" ind1="8" ind2="0">
         <subfield code="g">Part 5.</subfield>
         <subfield code="t">East Asia.</subfield>
         <subfield code="t">East Asia as a Laboratory for Early Globalization /</subfield>
         <subfield code="r">Gideon Shelach-Lavi --</subfield>
         <subfield code="t">The Spread of Domesticated Plant Resources in Prehistoric Northeast Asia /</subfield>
         <subfield code="r">Gyoung-Ah Lee --</subfield>
         <subfield code="t">Prehistoric Networks across the Korea Strait (5000-1000 BCE): "Early Globalization" during the Jomon Period in Northwest Kyushu? /</subfield>
         <subfield code="r">Ilona R. Bausch --</subfield>
         <subfield code="t">Colonialism in the Time of Globalization: the Western Zhou Yan State Revisited /</subfield>
         <subfield code="r">Yitzchak Jaffe --</subfield>
         <subfield code="t">Globalization at the Crossroads: the Case of Southeast China during the Pre- and Early Imperial Period /</subfield>
         <subfield code="r">Francis Allard --</subfield>
         <subfield code="t">Global Dynamics in Local Processes of Iron Age Inner Asia /</subfield>
         <subfield code="r">Bryan K. Miller &amp; Ursula Brosseder --</subfield>
         <subfield code="t">Tombs of Xianbei Conquerors and Central Asians in Sixth Century CE Northern China: a Globalizing Perspective /</subfield>
         <subfield code="r">Mandy Jui-man Wu.</subfield>
         <subfield code="g">Part 6.</subfield>
         <subfield code="t">Europe.</subfield>
         <subfield code="t">Deep Histories of Globalization and Europe: beyond Eurocentrism /</subfield>
         <subfield code="r">Martin Pitts --</subfield>
         <subfield code="t">Small, Medium, and Large: Globalization Perspectives on the Afro-Eurasian Bronze Age /</subfield>
         <subfield code="r">Helle Vandkilde --</subfield>
         <subfield code="t">Local Elites Globalized in Death: a Practice Approach to Early Iron Age Hallstatt C/D Chieftains' Burials in Northwest Europe /</subfield>
         <subfield code="r">David Fontijn &amp; Sasja van der Vaart-Verschoof --</subfield>
         <subfield code="t">Connectivity and Social Change: Roman Goods outside the Empire (100 BCE-400 CE) /</subfield>
         <subfield code="r">Mariana Egri --</subfield>
         <subfield code="t">Urbanism and exchange in the North Atlantic/Baltic, 600-1000 CE /</subfield>
         <subfield code="r">Søren M. Sindbaek --</subfield>
         <subfield code="t">Globalization and china: Materiality and Civilité in Post-Medieval Europe /</subfield>
         <subfield code="r">Martin Pitts --</subfield>
         <subfield code="t">Connecting the Global with the Local through the Prism of Imprisonment: the Case of Kilmainham Gaol, Ireland /</subfield>
         <subfield code="r">Laura McAtackney.</subfield>
      </datafield>
      <datafield tag="505" ind1="8" ind2="0">
         <subfield code="g">Part 7.</subfield>
         <subfield code="t">Mediterranean.</subfield>
         <subfield code="t">The Global Mediterranean: a Material-Cultural Perspective /</subfield>
         <subfield code="r">Miguel John Versluys --</subfield>
         <subfield code="t">A Globalizing Bronze and Iron Age Mediterranean /</subfield>
         <subfield code="r">Susan Sherratt --</subfield>
         <subfield code="t">Classical Connections and Mediterranean Practices: Exploring Connectivity and Local Interactions /</subfield>
         <subfield code="r">Peter van Dommelen --</subfield>
         <subfield code="t">The Globalized Roman World /</subfield>
         <subfield code="r">Robert Witcher --</subfield>
         <subfield code="t">The Rise and Fall of Empires in the Islamic Mediterranean (600-1600 CE): Political Change, the Economy and Material Culture /</subfield>
         <subfield code="r">Petra M. Sijpesteijn --</subfield>
         <subfield code="t">The Renaissance in Material Culture: Material Mimesis as Force and Evidence of Globalization /</subfield>
         <subfield code="r">Marta Ajmar --</subfield>
         <subfield code="t">France and the Enlightenment Mediterranean /</subfield>
         <subfield code="r">Christopher Drew Armstrong.</subfield>
         <subfield code="g">Part 8.</subfield>
         <subfield code="t">Southeast Asia.</subfield>
         <subfield code="t">Globalizing Early Southeast Asia /</subfield>
         <subfield code="r">Miriam T. Stark --</subfield>
         <subfield code="t">How Rice Failed to Unify Asia: Globalization and Regionalism of Early Farming Traditions in the Monsoon World /</subfield>
         <subfield code="r">Dorian Q. Fuller, Cristina Cobo Castillo &amp; Charlene Murphy --</subfield>
         <subfield code="t">Globalization at the Dawn of History: the Emergence of Global Cultures in the Mekong and Red River Deltas /</subfield>
         <subfield code="r">Alison Kyra Carter &amp; Nam C. Kim --</subfield>
         <subfield code="t">Tracing maritime connections between island Southeast Asia and the Indian Ocean world /</subfield>
         <subfield code="r">Tom Hoogervorst --</subfield>
         <subfield code="t">Globalizing Indian Religions and Southeast Asian Localisms: Incentives for the Adoption of Buddhism and Brahmanism in First Millennium CE Southeast Asia /</subfield>
         <subfield code="r">Stephen A. Murphy &amp; H. Leedom Lefferts --</subfield>
         <subfield code="t">Globalization in Southeast Asia's Early Age of Commerce: Evidence from the Thirteenth Century CE Java Sea Shipwreck /</subfield>
         <subfield code="r">Lisa C. Niziolek &amp; Amanda Respess --</subfield>
         <subfield code="t">Spheres of Ceramic Exchange in Southeast Asia, Ninth to Sixteenth Centuries CE /</subfield>
         <subfield code="r">John N. Miksic &amp; Goh Geok Yian.</subfield>
      </datafield>
      <datafield tag="505" ind1="8" ind2="0">
         <subfield code="g">Part 9.</subfield>
         <subfield code="t">West Asia.</subfield>
         <subfield code="t">Globalizing Ideas in West Asian Material History /</subfield>
         <subfield code="r">Tamar Hodos --</subfield>
         <subfield code="t">Globalizing the Halaf /</subfield>
         <subfield code="r">Olivier P. Nieuwenhuyse --</subfield>
         <subfield code="t">Connectivity and Globalization in the Bronze Age of Anatolia /</subfield>
         <subfield code="r">Naoíse Mac Sweeney --</subfield>
         <subfield code="t">Globalization and the Study of the Achaemenid Persian Empire /</subfield>
         <subfield code="r">Henry P. Colburn --</subfield>
         <subfield code="t">Lapis Lazuli, Homer and the Buddha: Material and Ideological Exchange in West Asia (c. 250 BCE-200 CE) /</subfield>
         <subfield code="r">Rachel Mairs --</subfield>
         <subfield code="t">The Global Ottomans /</subfield>
         <subfield code="r">Joanita Vroom -- Pre-modern Globalization and the Rediscovery of Iranian Antiquity /</subfield>
         <subfield code="r">Daniel T. Potts.</subfield>
         <subfield code="g">Part 10.</subfield>
         <subfield code="t">Conclusion.</subfield>
         <subfield code="t">Long Histories of Globalization /</subfield>
         <subfield code="r">Jan Nederveen Pieterse.</subfield>
      </datafield>
      <datafield tag="650" ind1=" " ind2="0">
         <subfield code="a">Globalization.</subfield>
      </datafield>
      <datafield tag="650" ind1=" " ind2="0">
         <subfield code="a">Archaeology.</subfield>
      </datafield>
      <datafield tag="700" ind1="1" ind2=" ">
         <subfield code="a">Hodos, Tamar,</subfield>
         <subfield code="e">editor,</subfield>
         <subfield code="e">author.</subfield>
      </datafield>
      <datafield tag="700" ind1="1" ind2=" ">
         <subfield code="a">Geurds, Alexander,</subfield>
         <subfield code="d">1974-</subfield>
         <subfield code="e">author.</subfield>
      </datafield>
      <datafield tag="830" ind1=" " ind2="0">
         <subfield code="a">Routledge handbooks.</subfield>
      </datafield>
      <datafield tag="OWN" ind1=" " ind2=" ">
         <subfield code="a">GENERAL</subfield>
      </datafield>
      <datafield tag="AVA" ind1=" " ind2=" ">
         <subfield code="a">NYU50</subfield>
         <subfield code="b">NISAW</subfield>
         <subfield code="c">Small Collection</subfield>
         <subfield code="d">CC165 .R662 2017 Non-circulating</subfield>
         <subfield code="e">available</subfield>
         <subfield code="t">Available</subfield>
         <subfield code="f">1</subfield>
         <subfield code="g">0</subfield>
         <subfield code="h">N</subfield>
         <subfield code="i">0</subfield>
         <subfield code="j">SMALL</subfield>
         <subfield code="k">0</subfield>
      </datafield>
      <marc:datafield tag="852" ind1=" " ind2=" ">
         <marc:subfield code="b">Institute for the Study of the Ancient World, </marc:subfield>
         <marc:subfield code="c">Small Collection</marc:subfield>
         <marc:subfield code="e">15 East 84th St., </marc:subfield>
         <marc:subfield code="e">New York, NY  10028</marc:subfield>
      </marc:datafield>
      <datafield tag="AVA" ind1=" " ind2=" ">
         <subfield code="a">NYU51</subfield>
         <subfield code="b">NABUD</subfield>
         <subfield code="c">Main Collection</subfield>
         <subfield code="d">CC165 .R662 2017</subfield>
         <subfield code="e">available</subfield>
         <subfield code="t">Available</subfield>
         <subfield code="f">1</subfield>
         <subfield code="g">0</subfield>
         <subfield code="h">N</subfield>
         <subfield code="i">1</subfield>
         <subfield code="j">MAIN</subfield>
         <subfield code="k">0</subfield>
      </datafield>
   </record>