
  
  
  
  
  
  
  
  
 
  
  <record xsi:schemaLocation="http://www.loc.gov/MARC21/slim http://www.loc.gov/standards/marcxml/schema/MARC21slim.xsd">
      <leader>00000cam a2200661Ii 4500</leader>
      <controlfield tag="FMT">BK</controlfield>
      <controlfield tag="LDR">00000cam a2200661Ii 4500</controlfield>
      <controlfield tag="001">004233205</controlfield>
      <controlfield tag="003">OCoLC</controlfield>
      <controlfield tag="005">20170217122813.0</controlfield>
      <controlfield tag="008">150105t20152015njuab    b    001 0 eng d</controlfield>
      <datafield tag="020" ind1=" " ind2=" ">
         <subfield code="a">9780878502103</subfield>
      </datafield>
      <datafield tag="020" ind1=" " ind2=" ">
         <subfield code="a">0878502106</subfield>
      </datafield>
      <datafield tag="035" ind1=" " ind2=" ">
         <subfield code="a">(OCoLC)903248413</subfield>
      </datafield>
      <datafield tag="040" ind1=" " ind2=" ">
         <subfield code="a">DON</subfield>
         <subfield code="b">eng</subfield>
         <subfield code="e">rda</subfield>
         <subfield code="c">DON</subfield>
         <subfield code="d">OCLCO</subfield>
         <subfield code="d">OCLCF</subfield>
         <subfield code="d">YDXCP</subfield>
         <subfield code="d">BTCTA</subfield>
         <subfield code="d">TYC</subfield>
         <subfield code="d">ZCU</subfield>
         <subfield code="d">VVC</subfield>
         <subfield code="d">NGU</subfield>
         <subfield code="d">CHVBK</subfield>
         <subfield code="d">OCLCO</subfield>
         <subfield code="d">ZYU</subfield>
      </datafield>
      <datafield tag="043" ind1=" " ind2=" ">
         <subfield code="a">aw-----</subfield>
         <subfield code="a">ff-----</subfield>
         <subfield code="a">e-sp---</subfield>
      </datafield>
      <datafield tag="050" ind1="1" ind2="4">
         <subfield code="a">DS58</subfield>
         <subfield code="b">.L38 2015</subfield>
      </datafield>
      <datafield tag="079" ind1=" " ind2=" ">
         <subfield code="a">(OCoLC)903248413</subfield>
      </datafield>
      <datafield tag="082" ind1="0" ind2="4">
         <subfield code="a">956.013</subfield>
         <subfield code="2">23</subfield>
      </datafield>
      <datafield tag="245" ind1="0" ind2="4">
         <subfield code="a">The late antique world of early Islam :</subfield>
         <subfield code="b">Muslims among Christians and Jews in the East Mediterranean /</subfield>
         <subfield code="c">edited by Robert G. Hoyland.</subfield>
      </datafield>
      <datafield tag="246" ind1="3" ind2="0">
         <subfield code="a">Muslims among Christians and Jews in the East Mediterranean</subfield>
      </datafield>
      <datafield tag="264" ind1=" " ind2="1">
         <subfield code="a">Princeton, New Jersey :</subfield>
         <subfield code="b">The Darwin Press, Inc.,</subfield>
         <subfield code="c">2015.</subfield>
      </datafield>
      <datafield tag="264" ind1=" " ind2="4">
         <subfield code="c">©2015</subfield>
      </datafield>
      <datafield tag="300" ind1=" " ind2=" ">
         <subfield code="a">ix, 469 pages :</subfield>
         <subfield code="b">illustrations, maps ;</subfield>
         <subfield code="c">24 cm.</subfield>
      </datafield>
      <datafield tag="336" ind1=" " ind2=" ">
         <subfield code="a">text</subfield>
         <subfield code="b">txt</subfield>
         <subfield code="2">rdacontent</subfield>
      </datafield>
      <datafield tag="337" ind1=" " ind2=" ">
         <subfield code="a">unmediated</subfield>
         <subfield code="b">n</subfield>
         <subfield code="2">rdamedia</subfield>
      </datafield>
      <datafield tag="338" ind1=" " ind2=" ">
         <subfield code="a">volume</subfield>
         <subfield code="b">nc</subfield>
         <subfield code="2">rdacarrier</subfield>
      </datafield>
      <datafield tag="490" ind1="1" ind2=" ">
         <subfield code="a">Studies in late antiquity and early Islam ;</subfield>
         <subfield code="v">25</subfield>
      </datafield>
      <datafield tag="504" ind1=" " ind2=" ">
         <subfield code="a">Includes bibliographical references and index.</subfield>
      </datafield>
      <datafield tag="505" ind1="0" ind2="0">
         <subfield code="g">I.</subfield>
         <subfield code="t">Social groups.</subfield>
         <subfield code="t">Minority representation in the Futūḥ Miṣr of Ibn ʻAbd al-Hakam: origins and roles /</subfield>
         <subfield code="r">Edward Coghill --</subfield>
         <subfield code="t">Greek as a minority language in early Islamic Egypt /</subfield>
         <subfield code="r">Janneke De Jong and Alain Delattre --</subfield>
         <subfield code="t">Christian women in Muslim Egypt: a public minority /</subfield>
         <subfield code="r">Gesa Schenke.</subfield>
         <subfield code="g">II.</subfield>
         <subfield code="t">Law.</subfield>
         <subfield code="t">The scholiasts speak: how middle Byzantine jurists construed the legal status of Jews /</subfield>
         <subfield code="r">Zachary Chitwood --</subfield>
         <subfield code="t">Christian and Jewish communities in Fusṭāṭ: non-Muslim topography and legal controversies in the pre-Fatimid period /</subfield>
         <subfield code="r">Audrey Dridi --</subfield>
         <subfield code="t">Dispensing justice in a minority context: the judicial administrtion of upper Egypt under Muslim rule in the early eighth century /</subfield>
         <subfield code="r">Mathieu Tillier --</subfield>
         <subfield code="t">Polygyny and east Syrian law: local practices and ecclesiastical tradition /</subfield>
         <subfield code="r">Lev Weitz.</subfield>
         <subfield code="g">III.</subfield>
         <subfield code="t">Material culture.</subfield>
         <subfield code="t">Tracing influences in Mozarabic material culture: building technology in 8-10th century Hispanic churches /</subfield>
         <subfield code="r">Isaac Sastre de Diego and María Angeles Utrero --</subfield>
         <subfield code="t">The monasteries of the Wādī al-Naṭrūn between Alexandria and Fusṭāṭ: a long transition viewed from the pottery (sixth to tenth centuries) /</subfield>
         <subfield code="r">Alexandra Konstantinidou --</subfield>
         <subfield code="t">Paris Syr. 341 and its illustrations /</subfield>
         <subfield code="r">Maja Kominko.</subfield>
         <subfield code="g">IV.</subfield>
         <subfield code="t">Theology and practice.</subfield>
         <subfield code="t">Anastasius of Sinai and Chalcedonian Christian lay piety in the early Islamic Near East /</subfield>
         <subfield code="r">Nicholas Marinides --</subfield>
         <subfield code="t">Portraying early Islam as the milla of Abraham: a look at the tafsīr evidence /</subfield>
         <subfield code="r">Jacob Olidort --</subfield>
         <subfield code="t">Monasticism in early Islamic Palestine: contours of debate /</subfield>
         <subfield code="r">Daniel Reynolds --</subfield>
         <subfield code="t">Islamic legends about the birth monasticism: a case study on the late antique milieu of the Qur'ān and Tafsīr /</subfield>
         <subfield code="r">Christian C. Sahner --</subfield>
         <subfield code="t">The Syriac baptism of St John: a Christian ritual of protection for Muslim children /</subfield>
         <subfield code="r">David G.K. Taylor.</subfield>
      </datafield>
      <datafield tag="650" ind1=" " ind2="0">
         <subfield code="a">Muslims</subfield>
         <subfield code="z">Middle East</subfield>
         <subfield code="x">History.</subfield>
      </datafield>
      <datafield tag="650" ind1=" " ind2="0">
         <subfield code="a">Christians</subfield>
         <subfield code="z">Middle East</subfield>
         <subfield code="x">History.</subfield>
      </datafield>
      <datafield tag="650" ind1=" " ind2="0">
         <subfield code="a">Jews</subfield>
         <subfield code="z">Middle East</subfield>
         <subfield code="x">History.</subfield>
      </datafield>
      <datafield tag="651" ind1=" " ind2="0">
         <subfield code="a">Middle East</subfield>
         <subfield code="x">Ethnic relations.</subfield>
      </datafield>
      <datafield tag="651" ind1=" " ind2="0">
         <subfield code="a">Middle East</subfield>
         <subfield code="x">History.</subfield>
      </datafield>
      <datafield tag="651" ind1=" " ind2="0">
         <subfield code="a">Islamic Empire</subfield>
         <subfield code="x">History.</subfield>
      </datafield>
      <datafield tag="650" ind1=" " ind2="7">
         <subfield code="a">Christians.</subfield>
         <subfield code="2">fast</subfield>
         <subfield code="0">(OCoLC)fst00859760</subfield>
      </datafield>
      <datafield tag="650" ind1=" " ind2="7">
         <subfield code="a">Ethnic relations.</subfield>
         <subfield code="2">fast</subfield>
         <subfield code="0">(OCoLC)fst00916005</subfield>
      </datafield>
      <datafield tag="650" ind1=" " ind2="7">
         <subfield code="a">Jews.</subfield>
         <subfield code="2">fast</subfield>
         <subfield code="0">(OCoLC)fst00983135</subfield>
      </datafield>
      <datafield tag="650" ind1=" " ind2="7">
         <subfield code="a">Muslims.</subfield>
         <subfield code="2">fast</subfield>
         <subfield code="0">(OCoLC)fst01031029</subfield>
      </datafield>
      <datafield tag="651" ind1=" " ind2="7">
         <subfield code="a">Islamic Empire.</subfield>
         <subfield code="2">fast</subfield>
         <subfield code="0">(OCoLC)fst01244134</subfield>
      </datafield>
      <datafield tag="651" ind1=" " ind2="7">
         <subfield code="a">Middle East.</subfield>
         <subfield code="2">fast</subfield>
         <subfield code="0">(OCoLC)fst01241586</subfield>
      </datafield>
      <datafield tag="650" ind1=" " ind2="7">
         <subfield code="a">Spätantike.</subfield>
         <subfield code="0">(DE-588)4124227-0</subfield>
         <subfield code="2">gnd</subfield>
      </datafield>
      <datafield tag="650" ind1=" " ind2="7">
         <subfield code="a">Christ.</subfield>
         <subfield code="0">(DE-588)4010071-6</subfield>
         <subfield code="2">gnd</subfield>
      </datafield>
      <datafield tag="650" ind1=" " ind2="7">
         <subfield code="a">Juden.</subfield>
         <subfield code="0">(DE-588)4028808-0</subfield>
         <subfield code="2">gnd</subfield>
      </datafield>
      <datafield tag="650" ind1=" " ind2="7">
         <subfield code="a">Muslim.</subfield>
         <subfield code="0">(DE-588)4040921-1</subfield>
         <subfield code="2">gnd</subfield>
      </datafield>
      <datafield tag="650" ind1=" " ind2="7">
         <subfield code="a">Staat.</subfield>
         <subfield code="0">(DE-588)4056618-3</subfield>
         <subfield code="2">gnd</subfield>
      </datafield>
      <datafield tag="650" ind1=" " ind2="7">
         <subfield code="a">Politischer Wandel.</subfield>
         <subfield code="0">(DE-588)4175047-0</subfield>
         <subfield code="2">gnd</subfield>
      </datafield>
      <datafield tag="651" ind1=" " ind2="7">
         <subfield code="a">Naher Osten.</subfield>
         <subfield code="0">(DE-588)4068878-1</subfield>
         <subfield code="2">gnd</subfield>
      </datafield>
      <datafield tag="655" ind1=" " ind2="7">
         <subfield code="a">History.</subfield>
         <subfield code="2">fast</subfield>
         <subfield code="0">(OCoLC)fst01411628</subfield>
      </datafield>
      <datafield tag="700" ind1="1" ind2=" ">
         <subfield code="a">Hoyland, Robert G.,</subfield>
         <subfield code="d">1966-</subfield>
         <subfield code="e">editor.</subfield>
      </datafield>
      <datafield tag="830" ind1=" " ind2="0">
         <subfield code="a">Studies in late antiquity and early Islam ;</subfield>
         <subfield code="v">25.</subfield>
      </datafield>
      <datafield tag="OWN" ind1=" " ind2=" ">
         <subfield code="a">GENERAL</subfield>
      </datafield>
      <datafield tag="AVA" ind1=" " ind2=" ">
         <subfield code="a">NYU50</subfield>
         <subfield code="b">BOBST</subfield>
         <subfield code="c">Main Collection</subfield>
         <subfield code="d">DS58 .L38 2015</subfield>
         <subfield code="e">available</subfield>
         <subfield code="t">Available</subfield>
         <subfield code="f">1</subfield>
         <subfield code="g">0</subfield>
         <subfield code="h">N</subfield>
         <subfield code="i">3</subfield>
         <subfield code="j">MAIN</subfield>
         <subfield code="k">0</subfield>
      </datafield>
      <datafield tag="AVA" ind1=" " ind2=" ">
         <subfield code="a">NYU50</subfield>
         <subfield code="b">NISAW</subfield>
         <subfield code="c">Small Collection</subfield>
         <subfield code="d">DS58 .L38 2015 Non-circulating</subfield>
         <subfield code="e">available</subfield>
         <subfield code="t">Available</subfield>
         <subfield code="f">1</subfield>
         <subfield code="g">0</subfield>
         <subfield code="h">N</subfield>
         <subfield code="i">0</subfield>
         <subfield code="j">SMALL</subfield>
         <subfield code="k">0</subfield>
      </datafield>
      <marc:datafield tag="852" ind1=" " ind2=" ">
         <marc:subfield code="b">Institute for the Study of the Ancient World, </marc:subfield>
         <marc:subfield code="c">Small Collection</marc:subfield>
         <marc:subfield code="e">15 East 84th St., </marc:subfield>
         <marc:subfield code="e">New York, NY  10028</marc:subfield>
      </marc:datafield>
      <datafield tag="AVA" ind1=" " ind2=" ">
         <subfield code="a">NYU51</subfield>
         <subfield code="b">NABUD</subfield>
         <subfield code="c">Main Collection</subfield>
         <subfield code="d">DS58 .L38 2015</subfield>
         <subfield code="e">available</subfield>
         <subfield code="t">Available</subfield>
         <subfield code="f">1</subfield>
         <subfield code="g">0</subfield>
         <subfield code="h">N</subfield>
         <subfield code="i">0</subfield>
         <subfield code="j">MAIN</subfield>
         <subfield code="k">0</subfield>
      </datafield>
   </record>