
  
  
  
  
  
  
  
  
  
 
  
  <record xsi:schemaLocation="http://www.loc.gov/MARC21/slim http://www.loc.gov/standards/marcxml/schema/MARC21slim.xsd">
      <leader>00000cam a2200493 i 4500</leader>
      <controlfield tag="FMT">BK</controlfield>
      <controlfield tag="LDR">00000cam a2200493 i 4500</controlfield>
      <controlfield tag="001">004677245</controlfield>
      <controlfield tag="003">OCoLC</controlfield>
      <controlfield tag="005">20170413114742.0</controlfield>
      <controlfield tag="008">161024s2015    tu ab    b    000 0 eng d</controlfield>
      <datafield tag="010" ind1=" " ind2=" ">
         <subfield code="a">2016357825</subfield>
      </datafield>
      <datafield tag="020" ind1=" " ind2=" ">
         <subfield code="a">9786054701797</subfield>
      </datafield>
      <datafield tag="020" ind1=" " ind2=" ">
         <subfield code="a">6054701797</subfield>
      </datafield>
      <datafield tag="035" ind1=" " ind2=" ">
         <subfield code="a">(OCoLC)925525304</subfield>
         <subfield code="z">(OCoLC)921166639</subfield>
      </datafield>
      <datafield tag="040" ind1=" " ind2=" ">
         <subfield code="a">PAU</subfield>
         <subfield code="b">eng</subfield>
         <subfield code="e">rda</subfield>
         <subfield code="c">PAU</subfield>
         <subfield code="d">DLC</subfield>
         <subfield code="d">BTCTA</subfield>
         <subfield code="d">YDXCP</subfield>
         <subfield code="d">ZYU</subfield>
      </datafield>
      <datafield tag="041" ind1="1" ind2=" ">
         <subfield code="a">eng</subfield>
         <subfield code="h">tur</subfield>
      </datafield>
      <datafield tag="042" ind1=" " ind2=" ">
         <subfield code="a">lccopycat</subfield>
         <subfield code="a">lcode</subfield>
      </datafield>
      <datafield tag="043" ind1=" " ind2=" ">
         <subfield code="a">a-tu---</subfield>
      </datafield>
      <datafield tag="050" ind1="0" ind2="0">
         <subfield code="a">DF221.T8</subfield>
         <subfield code="b">A5813 2015</subfield>
      </datafield>
      <datafield tag="050" ind1=" " ind2="4">
         <subfield code="a">DS156.P33</subfield>
         <subfield code="b">P2713 2015</subfield>
      </datafield>
      <datafield tag="079" ind1=" " ind2=" ">
         <subfield code="a">(OCoLC)925525304</subfield>
      </datafield>
      <datafield tag="130" ind1="0" ind2=" ">
         <subfield code="a">Antik Troas'ın parlayan kenti.</subfield>
         <subfield code="l">English</subfield>
      </datafield>
      <datafield tag="245" ind1="1" ind2="4">
         <subfield code="a">The flourishing city of ancient Troad :</subfield>
         <subfield code="b">Parion : surveys, excavation and restoration works carried out between 1997-2009 /</subfield>
         <subfield code="c">edited by Prof. Dr. Cevat Başaran ; translated by Asc. Prof. Dr. Vedat Keleş, Res. Ast. Michael D. Yılmaz.</subfield>
      </datafield>
      <datafield tag="246" ind1="3" ind2=" ">
         <subfield code="a">Flourishing city of ancient Troad</subfield>
      </datafield>
      <datafield tag="264" ind1=" " ind2="1">
         <subfield code="a">İstanbul :</subfield>
         <subfield code="b">Ege Yayınları,</subfield>
         <subfield code="c">2015.</subfield>
      </datafield>
      <datafield tag="300" ind1=" " ind2=" ">
         <subfield code="a">231 pages :</subfield>
         <subfield code="b">color illustrations, color maps ;</subfield>
         <subfield code="c">31 cm</subfield>
      </datafield>
      <datafield tag="336" ind1=" " ind2=" ">
         <subfield code="a">text</subfield>
         <subfield code="b">txt</subfield>
         <subfield code="2">rdacontent</subfield>
      </datafield>
      <datafield tag="337" ind1=" " ind2=" ">
         <subfield code="a">unmediated</subfield>
         <subfield code="b">n</subfield>
         <subfield code="2">rdamedia</subfield>
      </datafield>
      <datafield tag="338" ind1=" " ind2=" ">
         <subfield code="a">volume</subfield>
         <subfield code="b">nc</subfield>
         <subfield code="2">rdacarrier</subfield>
      </datafield>
      <datafield tag="504" ind1=" " ind2=" ">
         <subfield code="a">Includes bibliographical references (pages 219-231).</subfield>
      </datafield>
      <datafield tag="505" ind1="0" ind2="0">
         <subfield code="t">Foreword /</subfield>
         <subfield code="r">Ertuğrul Günay --</subfield>
         <subfield code="t">Foreword /</subfield>
         <subfield code="r">Hikmet Koçak --</subfield>
         <subfield code="t">Foreword /</subfield>
         <subfield code="r">Bülend Engin --</subfield>
         <subfield code="t">Preface /</subfield>
         <subfield code="r">Cevat Başaran.</subfield>
         <subfield code="g">I.</subfield>
         <subfield code="t">Introduction /</subfield>
         <subfield code="r">Vedat Keleş --</subfield>
         <subfield code="g">II.</subfield>
         <subfield code="t">Researches /</subfield>
         <subfield code="r">Cevat Başaran --</subfield>
         <subfield code="g">III.</subfield>
         <subfield code="t">Survey Works /</subfield>
         <subfield code="r">Vedat Keleş --</subfield>
         <subfield code="g">IV.</subfield>
         <subfield code="t">Excavations and Test Excavations /</subfield>
         <subfield code="r">Cevat Başaran.</subfield>
         <subfield code="g">V.</subfield>
         <subfield code="t">Architecture.</subfield>
         <subfield code="t">City Walls, Towers, Gates and Harbours /</subfield>
         <subfield code="r">H. Ertuğ Ergürer, M. Serkan Genç --</subfield>
         <subfield code="t">Roman Bath /</subfield>
         <subfield code="r">Alper Yılmaz --</subfield>
         <subfield code="t">Slope Structure /</subfield>
         <subfield code="r">Ersin Çelikbaş --</subfield>
         <subfield code="t">Theatre /</subfield>
         <subfield code="r">H. Ertuğ Ergürer --</subfield>
         <subfield code="t">Test Excavations and It's Structure /</subfield>
         <subfield code="r">H. Ertuğ Ergürer.</subfield>
         <subfield code="g">VI.</subfield>
         <subfield code="t">Inscriptions /</subfield>
         <subfield code="r">Ş. Dilek Ful --</subfield>
         <subfield code="g">VII.</subfield>
         <subfield code="t">Necropolis /</subfield>
         <subfield code="r">Hasan Kasapoğlu --</subfield>
         <subfield code="g">VIII.</subfield>
         <subfield code="t">Ceramics /</subfield>
         <subfield code="r">H. Ertuğ Ergürer --</subfield>
         <subfield code="g">IX.</subfield>
         <subfield code="t">Glass Ware /</subfield>
         <subfield code="r">Hasan Kasapoğlu, Semra Özdemir --</subfield>
         <subfield code="g">X.</subfield>
         <subfield code="t">Metal Works /</subfield>
         <subfield code="r">Hasan Kasapoğlu --</subfield>
         <subfield code="g">XI.</subfield>
         <subfield code="t">Bone Objects /</subfield>
         <subfield code="r">Hasan Kasapoğlu --</subfield>
         <subfield code="g">XII.</subfield>
         <subfield code="t">Statuette and Figurines /</subfield>
         <subfield code="r">Hasan Kasapoğlu --</subfield>
         <subfield code="g">XIII.</subfield>
         <subfield code="t">Coins /</subfield>
         <subfield code="r">Vedat Keleş --</subfield>
         <subfield code="g">XIV.</subfield>
         <subfield code="t">Jewellery /</subfield>
         <subfield code="r">Hasan Kasapoğlu --</subfield>
         <subfield code="g">XV.</subfield>
         <subfield code="t">Precious Stones /</subfield>
         <subfield code="r">Ersin Çelikbaş --</subfield>
         <subfield code="g">XVI.</subfield>
         <subfield code="t">Anthropological Finds /</subfield>
         <subfield code="r">A. Sevim Erol, A. Yener Yavuz --</subfield>
         <subfield code="g">XVII.</subfield>
         <subfield code="t">Parion Publications /</subfield>
         <subfield code="r">Ersin Çelikbaş.</subfield>
      </datafield>
      <datafield tag="546" ind1=" " ind2=" ">
         <subfield code="a">Translation of: Antik Troas'ın parlayan kenti.</subfield>
      </datafield>
      <datafield tag="651" ind1=" " ind2="0">
         <subfield code="a">Parion (Extinct city)</subfield>
      </datafield>
      <datafield tag="651" ind1=" " ind2="0">
         <subfield code="a">Troas (Turkey)</subfield>
         <subfield code="x">Antiquities.</subfield>
      </datafield>
      <datafield tag="650" ind1=" " ind2="0">
         <subfield code="a">Excavations (Archaeology)</subfield>
         <subfield code="z">Turkey</subfield>
         <subfield code="z">Troas.</subfield>
      </datafield>
      <datafield tag="650" ind1=" " ind2="0">
         <subfield code="a">Excavations (Archaeology)</subfield>
         <subfield code="z">Turkey</subfield>
         <subfield code="z">Parion (Extinct city)</subfield>
      </datafield>
      <datafield tag="651" ind1=" " ind2="0">
         <subfield code="a">Turkey</subfield>
         <subfield code="x">Antiquities.</subfield>
      </datafield>
      <datafield tag="651" ind1=" " ind2="7">
         <subfield code="a">Parium/Col. Gemella Iulia *Hadriana.</subfield>
         <subfield code="2">pleiades</subfield>
         <subfield code="0">https://pleiades.stoa.org/places/511354</subfield>
      </datafield>
      <datafield tag="700" ind1="1" ind2=" ">
         <subfield code="a">Başaran, Cevat,</subfield>
         <subfield code="d">1959-</subfield>
         <subfield code="e">editor.</subfield>
      </datafield>
      <datafield tag="OWN" ind1=" " ind2=" ">
         <subfield code="a">GENERAL</subfield>
      </datafield>
      <datafield tag="AVA" ind1=" " ind2=" ">
         <subfield code="a">NYU50</subfield>
         <subfield code="b">NISAW</subfield>
         <subfield code="c">Large Collection</subfield>
         <subfield code="d">DS156.P33 P2713 2015 Non-circulating</subfield>
         <subfield code="e">available</subfield>
         <subfield code="t">Available</subfield>
         <subfield code="f">1</subfield>
         <subfield code="g">0</subfield>
         <subfield code="h">N</subfield>
         <subfield code="i">0</subfield>
         <subfield code="j">LARGE</subfield>
         <subfield code="k">0</subfield>
      </datafield>
      <marc:datafield tag="852" ind1=" " ind2=" ">
         <marc:subfield code="b">Institute for the Study of the Ancient World, </marc:subfield>
         <marc:subfield code="c">Large Collection</marc:subfield>
         <marc:subfield code="e">15 East 84th St., </marc:subfield>
         <marc:subfield code="e">New York, NY  10028</marc:subfield>
      </marc:datafield>
   </record>