
  
  
  
  
  
  
  
 
  
  <record xsi:schemaLocation="http://www.loc.gov/MARC21/slim http://www.loc.gov/standards/marcxml/schema/MARC21slim.xsd">
      <leader>00000cam a2200613 a 4500</leader>
      <controlfield tag="FMT">BK</controlfield>
      <controlfield tag="LDR">00000cam a2200613 a 4500</controlfield>
      <controlfield tag="001">000768008</controlfield>
      <controlfield tag="003">OCoLC</controlfield>
      <controlfield tag="005">20170217123103.0</controlfield>
      <controlfield tag="008">010801s2002    nyuab    b    001 0 eng</controlfield>
      <datafield tag="010" ind1=" " ind2=" ">
         <subfield code="a">2001044504</subfield>
      </datafield>
      <datafield tag="020" ind1=" " ind2=" ">
         <subfield code="a">0805054626</subfield>
         <subfield code="q">(hc.)</subfield>
      </datafield>
      <datafield tag="020" ind1=" " ind2=" ">
         <subfield code="a">9780805054620</subfield>
         <subfield code="q">(hc.)</subfield>
      </datafield>
      <datafield tag="020" ind1=" " ind2=" ">
         <subfield code="a">0965451844</subfield>
         <subfield code="q">(pbk.)</subfield>
      </datafield>
      <datafield tag="020" ind1=" " ind2=" ">
         <subfield code="a">9780965451840</subfield>
         <subfield code="q">(pbk.)</subfield>
      </datafield>
      <datafield tag="035" ind1=" " ind2=" ">
         <subfield code="a">(OCoLC)47717918</subfield>
         <subfield code="z">(OCoLC)964530722</subfield>
         <subfield code="z">(OCoLC)968653875</subfield>
      </datafield>
      <datafield tag="040" ind1=" " ind2=" ">
         <subfield code="a">DLC</subfield>
         <subfield code="b">eng</subfield>
         <subfield code="c">DLC</subfield>
         <subfield code="d">BAKER</subfield>
         <subfield code="d">OCLCQ</subfield>
         <subfield code="d">BTCTA</subfield>
         <subfield code="d">YDXCP</subfield>
         <subfield code="d">DEBBG</subfield>
         <subfield code="d">EXW</subfield>
         <subfield code="d">BGCBL</subfield>
         <subfield code="d">OCLCF</subfield>
         <subfield code="d">OCLCO</subfield>
         <subfield code="d">PBE</subfield>
         <subfield code="d">OCLCA</subfield>
         <subfield code="d">OCLCQ</subfield>
         <subfield code="d">ZYU</subfield>
      </datafield>
      <datafield tag="041" ind1="1" ind2=" ">
         <subfield code="a">eng</subfield>
         <subfield code="h">ger</subfield>
      </datafield>
      <datafield tag="043" ind1=" " ind2=" ">
         <subfield code="a">f-ua---</subfield>
      </datafield>
      <datafield tag="050" ind1="0" ind2="0">
         <subfield code="a">DT83</subfield>
         <subfield code="b">.A8813 2002</subfield>
      </datafield>
      <datafield tag="082" ind1="0" ind2="0">
         <subfield code="a">932/.01</subfield>
         <subfield code="2">21</subfield>
      </datafield>
      <datafield tag="084" ind1=" " ind2=" ">
         <subfield code="a">NG 3000</subfield>
         <subfield code="2">rvk</subfield>
      </datafield>
      <datafield tag="100" ind1="1" ind2=" ">
         <subfield code="a">Assmann, Jan.</subfield>
      </datafield>
      <datafield tag="240" ind1="1" ind2="0">
         <subfield code="a">Ägypten (1996).</subfield>
         <subfield code="l">English</subfield>
      </datafield>
      <datafield tag="245" ind1="1" ind2="4">
         <subfield code="a">The mind of Egypt :</subfield>
         <subfield code="b">history and meaning in the time of the Pharaohs /</subfield>
         <subfield code="c">Jan Assmann ; translated by Andrew Jenkins.</subfield>
      </datafield>
      <datafield tag="250" ind1=" " ind2=" ">
         <subfield code="a">1st American ed.</subfield>
      </datafield>
      <datafield tag="260" ind1=" " ind2=" ">
         <subfield code="a">New York :</subfield>
         <subfield code="b">Metropolitan Books,</subfield>
         <subfield code="c">2002.</subfield>
      </datafield>
      <datafield tag="300" ind1=" " ind2=" ">
         <subfield code="a">xi, 513 pages :</subfield>
         <subfield code="b">illustrations, map ;</subfield>
         <subfield code="c">25 cm</subfield>
      </datafield>
      <datafield tag="336" ind1=" " ind2=" ">
         <subfield code="a">text</subfield>
         <subfield code="b">txt</subfield>
         <subfield code="2">rdacontent</subfield>
      </datafield>
      <datafield tag="337" ind1=" " ind2=" ">
         <subfield code="a">unmediated</subfield>
         <subfield code="b">n</subfield>
         <subfield code="2">rdamedia</subfield>
      </datafield>
      <datafield tag="338" ind1=" " ind2=" ">
         <subfield code="a">volume</subfield>
         <subfield code="b">nc</subfield>
         <subfield code="2">rdacarrier</subfield>
      </datafield>
      <datafield tag="504" ind1=" " ind2=" ">
         <subfield code="a">Includes bibliographical references and index.</subfield>
      </datafield>
      <datafield tag="505" ind1="0" ind2="0">
         <subfield code="t">Introduction: The Meaningful Form of History --</subfield>
         <subfield code="t">The Predynastic Period and the Old Kingdom --</subfield>
         <subfield code="t">The Beginnings --</subfield>
         <subfield code="t">The Old Kingdom --</subfield>
         <subfield code="t">The First Intermediate Period --</subfield>
         <subfield code="t">Historical Outline --</subfield>
         <subfield code="t">Traces --</subfield>
         <subfield code="t">Messages --</subfield>
         <subfield code="t">Memories --</subfield>
         <subfield code="t">The Middle Kingdom --</subfield>
         <subfield code="t">Historical Outline --</subfield>
         <subfield code="t">State, Script, Education: Despotism Illuminated from Within --</subfield>
         <subfield code="t">The Politicization of Connective Justice --</subfield>
         <subfield code="t">Wrath and Love: The Two Faces of Power and the Rhetoric of Decision --</subfield>
         <subfield code="t">The Foundation of Connective Justice in the Hereafter: The Judgment of the Dead --</subfield>
         <subfield code="t">The Two Worlds and the Language of Despair --</subfield>
         <subfield code="t">Representation, Mediacy, the "Riven World," and the Problem of Evil --</subfield>
         <subfield code="t">The New Kingdom --</subfield>
         <subfield code="t">Historical Outline --</subfield>
         <subfield code="t">Cosmotheism as a Form of Knowledge --</subfield>
         <subfield code="t">Akhenaten's Revolution --</subfield>
         <subfield code="t">Personal Piety and the Theology of Will --</subfield>
         <subfield code="t">Ramesses II and the Battle of Qadesh --</subfield>
         <subfield code="t">Changing the Structure of the Past --</subfield>
         <subfield code="t">The Decline of the New Kingdom --</subfield>
         <subfield code="t">Theocracy, Polyarchy, Archaism --</subfield>
         <subfield code="t">Tanis and Thebes: The Age of Division --</subfield>
         <subfield code="t">Libyan Polyarchy and the State of Napata --</subfield>
         <subfield code="t">Memory and Renewal: The Ethiopian and Saite Renaissance --</subfield>
         <subfield code="t">Egypt under the Persians and Greeks --</subfield>
         <subfield code="t">Historical Outline --</subfield>
         <subfield code="t">The Demotic Chronicle and the Political Messianism of the Late Period --</subfield>
         <subfield code="t">The Cultural Construction of Otherness: Trauma and Phobia --</subfield>
         <subfield code="t">Re-Membering Osiris --</subfield>
         <subfield code="t">Conclusion: Egypt as Trace, Message, and Memory.</subfield>
      </datafield>
      <datafield tag="520" ind1=" " ind2=" ">
         <subfield code="a">Renowned historian Jan Assmann traces the Egyptian civilization from its beginnings in the fifth millennium B.C.E. until the rise of Christianity 4500 years later through the roles of the pharaohs, priests, and the imperial bureacracy. Most strikingly, he focuses on the multiple notions of time, the structures of immorality, and the commitment to the principle of social justice and human fellowship during the time of ancient Egypt. (Originally published in Germany in 1996 under the title Agypten, Eine Sinngeschichte.).</subfield>
      </datafield>
      <datafield tag="651" ind1=" " ind2="0">
         <subfield code="a">Egypt</subfield>
         <subfield code="x">History</subfield>
         <subfield code="y">To 640 A.D.</subfield>
      </datafield>
      <datafield tag="650" ind1=" " ind2="0">
         <subfield code="a">Historiography</subfield>
         <subfield code="z">Egypt.</subfield>
      </datafield>
      <datafield tag="650" ind1=" " ind2="7">
         <subfield code="a">Historiography.</subfield>
         <subfield code="2">fast</subfield>
         <subfield code="0">(OCoLC)fst00958221</subfield>
      </datafield>
      <datafield tag="651" ind1=" " ind2="7">
         <subfield code="a">Egypt.</subfield>
         <subfield code="2">fast</subfield>
         <subfield code="0">(OCoLC)fst01208755</subfield>
      </datafield>
      <datafield tag="650" ind1="0" ind2="7">
         <subfield code="a">Geschichte.</subfield>
         <subfield code="2">swd</subfield>
      </datafield>
      <datafield tag="650" ind1="0" ind2="7">
         <subfield code="a">Kultur.</subfield>
         <subfield code="2">swd</subfield>
      </datafield>
      <datafield tag="651" ind1=" " ind2="7">
         <subfield code="a">Ägypten (Altertum)</subfield>
         <subfield code="2">swd</subfield>
      </datafield>
      <datafield tag="648" ind1=" " ind2="7">
         <subfield code="a">To 640.</subfield>
         <subfield code="2">fast</subfield>
      </datafield>
      <datafield tag="655" ind1=" " ind2="7">
         <subfield code="a">History.</subfield>
         <subfield code="2">fast</subfield>
         <subfield code="0">(OCoLC)fst01411628</subfield>
      </datafield>
      <datafield tag="856" ind1="4" ind2="2">
         <subfield code="3">Contributor biographical information</subfield>
         <subfield code="u">http://catdir.loc.gov/catdir/bios/hol051/2001044504.html</subfield>
      </datafield>
      <datafield tag="856" ind1="4" ind2="2">
         <subfield code="3">Publisher description</subfield>
         <subfield code="u">http://catdir.loc.gov/catdir/description/hol021/2001044504.html</subfield>
      </datafield>
      <datafield tag="OWN" ind1=" " ind2=" ">
         <subfield code="a">GENERAL</subfield>
      </datafield>
      <datafield tag="AVA" ind1=" " ind2=" ">
         <subfield code="a">NYU51</subfield>
         <subfield code="b">NABUD</subfield>
         <subfield code="c">Main Collection</subfield>
         <subfield code="d">DT83 .A8813 2002</subfield>
         <subfield code="e">available</subfield>
         <subfield code="t">Available</subfield>
         <subfield code="f">1</subfield>
         <subfield code="g">0</subfield>
         <subfield code="h">N</subfield>
         <subfield code="i">1</subfield>
         <subfield code="j">MAIN</subfield>
         <subfield code="k">0</subfield>
      </datafield>
      <datafield tag="AVA" ind1=" " ind2=" ">
         <subfield code="a">NYU50</subfield>
         <subfield code="b">BOBST</subfield>
         <subfield code="c">Main Collection</subfield>
         <subfield code="d">DT83 .A8813 2002</subfield>
         <subfield code="e">unavailable</subfield>
         <subfield code="t">Unavailable</subfield>
         <subfield code="f">1</subfield>
         <subfield code="g">1</subfield>
         <subfield code="h">N</subfield>
         <subfield code="i">14</subfield>
         <subfield code="j">MAIN</subfield>
         <subfield code="k">0</subfield>
      </datafield>
      <datafield tag="AVA" ind1=" " ind2=" ">
         <subfield code="a">NYU50</subfield>
         <subfield code="b">NISAW</subfield>
         <subfield code="c">Small Collection</subfield>
         <subfield code="d">DT83 .A8813 2002 Non-circulating</subfield>
         <subfield code="e">available</subfield>
         <subfield code="t">Available</subfield>
         <subfield code="f">1</subfield>
         <subfield code="g">0</subfield>
         <subfield code="h">N</subfield>
         <subfield code="i">0</subfield>
         <subfield code="j">SMALL</subfield>
         <subfield code="k">0</subfield>
      </datafield>
      <marc:datafield tag="852" ind1=" " ind2=" ">
         <marc:subfield code="b">Institute for the Study of the Ancient World, </marc:subfield>
         <marc:subfield code="c">Small Collection</marc:subfield>
         <marc:subfield code="e">15 East 84th St., </marc:subfield>
         <marc:subfield code="e">New York, NY  10028</marc:subfield>
      </marc:datafield>
   </record>