
  
  
  
  
  
  
  
  
 
  
  <record xsi:schemaLocation="http://www.loc.gov/MARC21/slim http://www.loc.gov/standards/marcxml/schema/MARC21slim.xsd">
      <leader>00000cam a2200637Ii 4500</leader>
      <controlfield tag="FMT">BK</controlfield>
      <controlfield tag="LDR">00000cam a2200637Ii 4500</controlfield>
      <controlfield tag="001">004677230</controlfield>
      <controlfield tag="003">OCoLC</controlfield>
      <controlfield tag="005">20170713161935.0</controlfield>
      <controlfield tag="008">161021t20162016nyuabfog bc   000 0 eng d</controlfield>
      <datafield tag="010" ind1=" " ind2=" ">
         <subfield code="a">2016935524</subfield>
      </datafield>
      <datafield tag="020" ind1=" " ind2=" ">
         <subfield code="a">9780692559901</subfield>
      </datafield>
      <datafield tag="020" ind1=" " ind2=" ">
         <subfield code="a">0692559906</subfield>
      </datafield>
      <datafield tag="035" ind1=" " ind2=" ">
         <subfield code="a">(OCoLC)960971717</subfield>
         <subfield code="z">(OCoLC)960030784</subfield>
         <subfield code="z">(OCoLC)960286861</subfield>
      </datafield>
      <datafield tag="040" ind1=" " ind2=" ">
         <subfield code="a">RON</subfield>
         <subfield code="b">eng</subfield>
         <subfield code="e">rda</subfield>
         <subfield code="c">RON</subfield>
         <subfield code="d">OCLCO</subfield>
         <subfield code="d">OCLCF</subfield>
         <subfield code="d">ZCU</subfield>
         <subfield code="d">JPG</subfield>
         <subfield code="d">BTCTA</subfield>
         <subfield code="d">BRL</subfield>
         <subfield code="d">IAC</subfield>
         <subfield code="d">YDX</subfield>
         <subfield code="d">BDX</subfield>
         <subfield code="d">OCL</subfield>
         <subfield code="d">ZYU</subfield>
      </datafield>
      <datafield tag="041" ind1="0" ind2=" ">
         <subfield code="a">eng</subfield>
         <subfield code="a">chi</subfield>
      </datafield>
      <datafield tag="050" ind1=" " ind2="4">
         <subfield code="a">N7343.24</subfield>
         <subfield code="b">.A78x 2016</subfield>
      </datafield>
      <datafield tag="079" ind1=" " ind2=" ">
         <subfield code="a">(OCoLC)960971717</subfield>
      </datafield>
      <datafield tag="082" ind1="1" ind2="4">
         <subfield code="a">709.51</subfield>
         <subfield code="b">A7844B2016</subfield>
      </datafield>
      <datafield tag="245" ind1="0" ind2="0">
         <subfield code="6">880-01</subfield>
         <subfield code="a">Art in a time of chaos :</subfield>
         <subfield code="b">masterworks from six dynasties China, 3rd-6th centuries = Luan shi jue xiang : liu chao yi shu, san zhi liu shi ji /</subfield>
         <subfield code="c">Willow Weilan Hai [and four others] ; with contributions by Susan L. Beningson [and six others] ; edited by Willow Weilan Hai, with the assistance of J. May Lee Barrett.</subfield>
      </datafield>
      <datafield tag="246" ind1="3" ind2="1">
         <subfield code="6">880-02</subfield>
         <subfield code="a">Luan shi jue xiang :</subfield>
         <subfield code="b">liu chao yi shu, san zhi liu shi ji</subfield>
      </datafield>
      <datafield tag="264" ind1=" " ind2="1">
         <subfield code="a">New York, [New York] :</subfield>
         <subfield code="b">China Institute in America,</subfield>
         <subfield code="c">2016.</subfield>
      </datafield>
      <datafield tag="264" ind1=" " ind2="4">
         <subfield code="c">©2016.</subfield>
      </datafield>
      <datafield tag="300" ind1=" " ind2=" ">
         <subfield code="a">xxiii, 448 pages, 8 unnumbered pages of plates (some folded) :</subfield>
         <subfield code="b">illustrations (chiefly color), maps, photographs ;</subfield>
         <subfield code="c">28 cm</subfield>
      </datafield>
      <datafield tag="336" ind1=" " ind2=" ">
         <subfield code="a">text</subfield>
         <subfield code="b">txt</subfield>
         <subfield code="2">rdacontent</subfield>
      </datafield>
      <datafield tag="336" ind1=" " ind2=" ">
         <subfield code="a">still image</subfield>
         <subfield code="b">sti</subfield>
         <subfield code="2">rdacontent</subfield>
      </datafield>
      <datafield tag="337" ind1=" " ind2=" ">
         <subfield code="a">unmediated</subfield>
         <subfield code="b">n</subfield>
         <subfield code="2">rdamedia</subfield>
      </datafield>
      <datafield tag="338" ind1=" " ind2=" ">
         <subfield code="a">volume</subfield>
         <subfield code="b">nc</subfield>
         <subfield code="2">rdacarrier</subfield>
      </datafield>
      <datafield tag="500" ind1=" " ind2=" ">
         <subfield code="a">Catalog of an exhibition held at the Honolulu Museum of Art, April 28-August 21, 2016; and China Institute Gallery, New York, September 30, 2016-March 19, 2017.</subfield>
      </datafield>
      <datafield tag="504" ind1=" " ind2=" ">
         <subfield code="a">Includes bibliographical references.</subfield>
      </datafield>
      <datafield tag="518" ind1=" " ind2=" ">
         <subfield code="o">"Art in a Time of Chaos: Masterworks from Six Dynasties China, 3rd-6th Centuries" :</subfield>
         <subfield code="d">April 28-August 21, 2016,</subfield>
         <subfield code="p">Honolulu Museum of Art, Honolulu, Hawai'i, United States.</subfield>
      </datafield>
      <datafield tag="518" ind1=" " ind2=" ">
         <subfield code="o">"Art in a Time of Chaos: Masterworks from Six Dynasties China, 3rd-6th Centuries" :</subfield>
         <subfield code="d">September 30, 2016-March 19, 2017,</subfield>
         <subfield code="p">China Institute Gallery, New York, New York, United States.</subfield>
      </datafield>
      <datafield tag="546" ind1=" " ind2=" ">
         <subfield code="a">Text in English and Chinese.</subfield>
      </datafield>
      <datafield tag="505" ind1="0" ind2="0">
         <subfield code="g">English-language contents:</subfield>
         <subfield code="t">Forword /</subfield>
         <subfield code="r">Gong Liang --</subfield>
         <subfield code="t">Preface /</subfield>
         <subfield code="r">Willow Weilan Hai --</subfield>
         <subfield code="t">Chronological Table of the Six Dynasties --</subfield>
         <subfield code="t">Maps --</subfield>
         <subfield code="t">Six Dynasties: Seeking the Origin of Chinese Art /</subfield>
         <subfield code="r">Willow Weilan Hai --</subfield>
         <subfield code="t">Important Archaeological Findings of the Six Dynasties (in the South) /</subfield>
         <subfield code="r">Gong Liang --</subfield>
         <subfield code="t">Jiankang : The Southern Capital and Metropolitan Life /</subfield>
         <subfield code="r">Bai Ning --</subfield>
         <subfield code="t">The Northern Dynasties and Major Archaeological Discoveries /</subfield>
         <subfield code="r">Shi Jinming --</subfield>
         <subfield code="t">Celadon and Customs of the Six Dynasties /</subfield>
         <subfield code="r">Willow Weilan Hai --</subfield>
         <subfield code="t">Buddhist Sculpture: Innovation, Invention and Imagination /</subfield>
         <subfield code="r">Annette L. Juliano --</subfield>
         <subfield code="t">Negotiating the Afterlife in the Tombs of the Northern and Southern Dynasties /</subfield>
         <subfield code="r">Susan L. Beningson --</subfield>
         <subfield code="t">Calligraphy of the Six Dynasties /</subfield>
         <subfield code="r">Xue Longchun --</subfield>
         <subfield code="t">An Overview of Seals from the Wei-Jin and Northern and Southern Dynasties /</subfield>
         <subfield code="r">Zhou Xiaolu and Zhu Bang --</subfield>
         <subfield code="t">The Admonition of the Instructress to the Court Ladies and the Six Dynasties /</subfield>
         <subfield code="r">Clarissa von Spee --</subfield>
         <subfield code="t">After the "Five Barbarians Brought Disorder to China" : Painting in north China in the Sixth Century /</subfield>
         <subfield code="r">David Ake Sensabaugh --</subfield>
         <subfield code="t">Key events in the history of art in the Six Dynasties period /</subfield>
         <subfield code="r">Li Xiujian --</subfield>
         <subfield code="t">Catalogue /</subfield>
         <subfield code="r">Staff of the Nanjing Museum, Shanxi Museum, and the Nanjing Municipal Museum.</subfield>
         <subfield code="g">Appendices.</subfield>
         <subfield code="t">Table of Six Dynasties artists by period /</subfield>
         <subfield code="r">Li Xiujian --</subfield>
         <subfield code="t">Popular Six Dynasties literary subjects in art through the ages /</subfield>
         <subfield code="r">Willow Weilan Hai and Shawn Eichman --</subfield>
         <subfield code="t">Selected reference paintings /</subfield>
         <subfield code="r">Willow Weilan Hai.</subfield>
      </datafield>
      <datafield tag="650" ind1=" " ind2="0">
         <subfield code="a">Art, Chinese</subfield>
         <subfield code="y">Three kingdoms-Sui dynasty, 220-618</subfield>
         <subfield code="v">Exhibitions.</subfield>
      </datafield>
      <datafield tag="650" ind1=" " ind2="7">
         <subfield code="a">Art, Chinese.</subfield>
         <subfield code="2">fast</subfield>
         <subfield code="0">(OCoLC)fst00816103</subfield>
      </datafield>
      <datafield tag="650" ind1=" " ind2="7">
         <subfield code="a">Art, Chinese</subfield>
         <subfield code="x">Three kingdoms-Sui dynasty.</subfield>
         <subfield code="2">fast</subfield>
         <subfield code="0">(OCoLC)fst01906790</subfield>
      </datafield>
      <datafield tag="648" ind1=" " ind2="7">
         <subfield code="a">220-618.</subfield>
         <subfield code="2">fast</subfield>
      </datafield>
      <datafield tag="655" ind1=" " ind2="7">
         <subfield code="a">Illustrated works.</subfield>
         <subfield code="2">fast</subfield>
         <subfield code="0">(OCoLC)fst01423873</subfield>
      </datafield>
      <datafield tag="655" ind1=" " ind2="7">
         <subfield code="a">Exhibition catalogs.</subfield>
         <subfield code="2">lcgft</subfield>
      </datafield>
      <datafield tag="655" ind1=" " ind2="7">
         <subfield code="a">Illustrated works.</subfield>
         <subfield code="2">lcgft</subfield>
      </datafield>
      <datafield tag="655" ind1=" " ind2="7">
         <subfield code="a">Exhibition catalogs.</subfield>
         <subfield code="2">fast</subfield>
         <subfield code="0">(OCoLC)fst01424028</subfield>
      </datafield>
      <datafield tag="700" ind1="1" ind2=" ">
         <subfield code="a">Chang, Willow Hai,</subfield>
         <subfield code="e">author,</subfield>
         <subfield code="e">editor.</subfield>
      </datafield>
      <datafield tag="700" ind1="1" ind2=" ">
         <subfield code="a">Beningson, Susan L.,</subfield>
         <subfield code="e">contributor.</subfield>
      </datafield>
      <datafield tag="700" ind1="1" ind2=" ">
         <subfield code="a">Juliano, Annette L.,</subfield>
         <subfield code="e">contributor.</subfield>
      </datafield>
      <datafield tag="700" ind1="1" ind2=" ">
         <subfield code="a">Barrett, J. May Lee</subfield>
         <subfield code="q">(Jung May Lee),</subfield>
         <subfield code="e">editor.</subfield>
      </datafield>
      <datafield tag="710" ind1="2" ind2=" ">
         <subfield code="a">Honolulu Museum of Art,</subfield>
         <subfield code="e">host institution.</subfield>
      </datafield>
      <datafield tag="710" ind1="2" ind2=" ">
         <subfield code="a">China Institute Gallery,</subfield>
         <subfield code="e">organizer,</subfield>
         <subfield code="e">host institution,</subfield>
         <subfield code="e">publisher,</subfield>
         <subfield code="e">issuing body.</subfield>
      </datafield>
      <datafield tag="730" ind1="0" ind2="2">
         <subfield code="a">Art in a time of chaos.</subfield>
      </datafield>
      <datafield tag="730" ind1="0" ind2="2">
         <subfield code="a">Art in a time of chaos.</subfield>
         <subfield code="l">Chinese.</subfield>
      </datafield>
      <datafield tag="752" ind1=" " ind2=" ">
         <subfield code="a">United States</subfield>
         <subfield code="b">New York</subfield>
         <subfield code="d">New York.</subfield>
      </datafield>
      <datafield tag="880" ind1="0" ind2="0">
         <subfield code="6">245-01/</subfield>
         <subfield code="a">Art in a time of chaos :</subfield>
         <subfield code="b">masterworks from six dynasties China, 3rd-6th centuries = 乱世绝响 : 六朝艺术, 三至六世纪 /</subfield>
         <subfield code="c">Willow Weilan Hai [and four others] ; with contributions by Susan L. Beningson [and six others] ; edited by Willow Weilan Hai, with the assistance of J. May Lee Barrett.</subfield>
      </datafield>
      <datafield tag="880" ind1="3" ind2="1">
         <subfield code="6">246-02/</subfield>
         <subfield code="a">乱世绝响 :</subfield>
         <subfield code="b">六朝艺术, 三至六世纪</subfield>
      </datafield>
      <datafield tag="OWN" ind1=" " ind2=" ">
         <subfield code="a">GENERAL</subfield>
      </datafield>
      <datafield tag="AVA" ind1=" " ind2=" ">
         <subfield code="a">NYU50</subfield>
         <subfield code="b">NIFA</subfield>
         <subfield code="c">Asian</subfield>
         <subfield code="d">N7343.24 .A78 2016 Non-circulating</subfield>
         <subfield code="e">available</subfield>
         <subfield code="t">Available</subfield>
         <subfield code="f">1</subfield>
         <subfield code="g">0</subfield>
         <subfield code="h">N</subfield>
         <subfield code="i">0</subfield>
         <subfield code="j">ASIAN</subfield>
         <subfield code="k">0</subfield>
      </datafield>
      <datafield tag="AVA" ind1=" " ind2=" ">
         <subfield code="a">NYU50</subfield>
         <subfield code="b">NISAW</subfield>
         <subfield code="c">Large Collection</subfield>
         <subfield code="d">N7343.24 .A78 2016 Non-circulating</subfield>
         <subfield code="e">available</subfield>
         <subfield code="t">Available</subfield>
         <subfield code="f">1</subfield>
         <subfield code="g">0</subfield>
         <subfield code="h">N</subfield>
         <subfield code="i">0</subfield>
         <subfield code="j">LARGE</subfield>
         <subfield code="k">0</subfield>
      </datafield>
      <marc:datafield tag="852" ind1=" " ind2=" ">
         <marc:subfield code="b">Institute for the Study of the Ancient World, </marc:subfield>
         <marc:subfield code="c">Large Collection</marc:subfield>
         <marc:subfield code="e">15 East 84th St., </marc:subfield>
         <marc:subfield code="e">New York, NY  10028</marc:subfield>
      </marc:datafield>
   </record>