
  
  
  
  
  
  
  
  
  
 
  
  <record xsi:schemaLocation="http://www.loc.gov/MARC21/slim http://www.loc.gov/standards/marcxml/schema/MARC21slim.xsd">
      <leader>00000cam a2200565 i 4500</leader>
      <controlfield tag="FMT">BK</controlfield>
      <controlfield tag="LDR">00000cam a2200565 i 4500</controlfield>
      <controlfield tag="001">004507608</controlfield>
      <controlfield tag="003">NhCcYBP</controlfield>
      <controlfield tag="005">20170217122246.0</controlfield>
      <controlfield tag="008">151211s2015    gw a     b    001 0 ita c</controlfield>
      <datafield tag="010" ind1=" " ind2=" ">
         <subfield code="a">2015049215</subfield>
      </datafield>
      <datafield tag="020" ind1=" " ind2=" ">
         <subfield code="a">9783110445039 (hardcover : alk. paper)</subfield>
      </datafield>
      <datafield tag="020" ind1=" " ind2=" ">
         <subfield code="a">3110445034 (hardcover : alk. paper)</subfield>
      </datafield>
      <datafield tag="020" ind1=" " ind2=" ">
         <subfield code="z">9783110446135</subfield>
      </datafield>
      <datafield tag="024" ind1="3" ind2=" ">
         <subfield code="a">9783110445039</subfield>
      </datafield>
      <datafield tag="035" ind1=" " ind2=" ">
         <subfield code="a">(OCoLC)ocn931648585</subfield>
      </datafield>
      <datafield tag="035" ind1=" " ind2=" ">
         <subfield code="a">(OCoLC)931648585</subfield>
         <subfield code="z">(OCoLC)930041454</subfield>
         <subfield code="z">(OCoLC)932261917</subfield>
         <subfield code="z">(OCoLC)934427497</subfield>
      </datafield>
      <datafield tag="035" ind1="7" ind2=" ">
         <subfield code="a">ybp11725491</subfield>
      </datafield>
      <datafield tag="040" ind1=" " ind2=" ">
         <subfield code="a">ICU/DLC</subfield>
         <subfield code="b">eng</subfield>
         <subfield code="e">rda</subfield>
         <subfield code="c">CGU</subfield>
         <subfield code="d">DLC</subfield>
         <subfield code="d">BTCTA</subfield>
         <subfield code="d">YDXCP</subfield>
         <subfield code="d">OCLCF</subfield>
         <subfield code="d">UBY</subfield>
         <subfield code="d">ZCU</subfield>
         <subfield code="d">PUL</subfield>
         <subfield code="d">OHX</subfield>
         <subfield code="d">ERASA</subfield>
         <subfield code="d">EQO</subfield>
         <subfield code="d">COO</subfield>
         <subfield code="d">STF</subfield>
      </datafield>
      <datafield tag="041" ind1="0" ind2=" ">
         <subfield code="a">fre</subfield>
         <subfield code="a">ita</subfield>
      </datafield>
      <datafield tag="042" ind1=" " ind2=" ">
         <subfield code="a">pcc</subfield>
      </datafield>
      <datafield tag="043" ind1=" " ind2=" ">
         <subfield code="a">f-ua---</subfield>
      </datafield>
      <datafield tag="050" ind1="0" ind2="0">
         <subfield code="a">PA2041</subfield>
         <subfield code="b">.S33 2015</subfield>
      </datafield>
      <datafield tag="072" ind1=" " ind2="7">
         <subfield code="a">PA</subfield>
         <subfield code="2">lcco</subfield>
      </datafield>
      <datafield tag="079" ind1=" " ind2=" ">
         <subfield code="a">(OCoLC)931648585</subfield>
      </datafield>
      <datafield tag="082" ind1="0" ind2="0">
         <subfield code="a">470</subfield>
         <subfield code="2">23</subfield>
      </datafield>
      <datafield tag="100" ind1="1" ind2=" ">
         <subfield code="a">Scappaticcio, Maria Chiara,</subfield>
         <subfield code="e">author.</subfield>
      </datafield>
      <datafield tag="245" ind1="1" ind2="0">
         <subfield code="a">Artes grammaticae in frammenti :</subfield>
         <subfield code="b">i testi grammaticali latini e bilingui greco-latini su papiro : edizione commentata /</subfield>
         <subfield code="c">Maria Chiara Scappaticcio.</subfield>
      </datafield>
      <datafield tag="264" ind1=" " ind2="1">
         <subfield code="a">Berlin :</subfield>
         <subfield code="b">De Gruyter,</subfield>
         <subfield code="c">2015.</subfield>
      </datafield>
      <datafield tag="300" ind1=" " ind2=" ">
         <subfield code="a">xv, 585 pages :</subfield>
         <subfield code="b">color illustrations ;</subfield>
         <subfield code="c">24 cm</subfield>
      </datafield>
      <datafield tag="336" ind1=" " ind2=" ">
         <subfield code="a">text</subfield>
         <subfield code="2">rdacontent</subfield>
      </datafield>
      <datafield tag="337" ind1=" " ind2=" ">
         <subfield code="a">unmediated</subfield>
         <subfield code="2">rdamedia</subfield>
      </datafield>
      <datafield tag="338" ind1=" " ind2=" ">
         <subfield code="a">volume</subfield>
         <subfield code="2">rdacarrier</subfield>
      </datafield>
      <datafield tag="490" ind1="1" ind2=" ">
         <subfield code="a">Sammlung griechischer und lateinischer Grammatiker (SGLG) ;</subfield>
         <subfield code="v">Band 17</subfield>
      </datafield>
      <datafield tag="546" ind1=" " ind2=" ">
         <subfield code="a">Text in Italian; preface in French.</subfield>
      </datafield>
      <datafield tag="504" ind1=" " ind2=" ">
         <subfield code="a">Includes bibliographical references and indexes.</subfield>
      </datafield>
      <datafield tag="505" ind1="0" ind2="0">
         <subfield code="t">Prefazione (di Louis Holtz) --</subfield>
         <subfield code="t">Artes Grammaticae in frammenti --</subfield>
         <subfield code="t">I testi grammaticali latini e bilingui greco-latini su papiro : edizione commentata --</subfield>
         <subfield code="t">Nella tradizione testuale delle Artes grammaticae --</subfield>
         <subfield code="t">..., Artes e papiri : lo status quaestionìs --</subfield>
         <subfield code="t">Scuola e papiri --</subfield>
         <subfield code="t">Lista delle abbreviazioni ricorrenti ed edizioni di riferimento --</subfield>
         <subfield code="t">Grado zero : un'introduzione --</subfield>
         <subfield code="t">Capitolo I : Testi e contesti : l'insegnamento del latino in Egitto --</subfield>
         <subfield code="t">Quando "le multilinguisme est la règie et l'unilinguisme l'exception" --</subfield>
         <subfield code="t">Una parentesi : scrivere latino in greco e greco in latino --</subfield>
         <subfield code="t">Lingua latina in scrittura greca --</subfield>
         <subfield code="t">Lingua greca in scrittura latina --</subfield>
         <subfield code="t">Da ovest ad est. Dalla Libia alla Giordania, attraverso il deserto orientale d'Egitto --</subfield>
         <subfield code="t">BuNjem --</subfield>
         <subfield code="t">Kellis --</subfield>
         <subfield code="t">Maximianon --</subfield>
         <subfield code="t">Dal sud al nord d'Egitto : Dalla Valle di Tebe all'Arsinoite, attraverso Ermopolite, Ossirinchite ed Eracleopolite --</subfield>
         <subfield code="t">Deir Rumi --</subfield>
         <subfield code="t">Antinoupolis e Hermoupolis --</subfield>
         <subfield code="t">Ossirinco --</subfield>
      </datafield>
      <datafield tag="505" ind1="0" ind2="0">
         <subfield code="9"/>
         <subfield code="t">Bousiris --</subfield>
         <subfield code="t">Karanis --</subfield>
         <subfield code="t">Capitolo II : Artes, 'glossari' e colloquia --</subfield>
         <subfield code="t">Le Artes e la canonizzazione linguistica del grammaticus --</subfield>
         <subfield code="t">I Grammatici Latini --</subfield>
         <subfield code="t">Due 'grammatiche comparate' del latino e del greco : Dositeo vs. Macrobio --</subfield>
         <subfield code="t">'Glossari', hermeneumata, idiomata --</subfield>
         <subfield code="t">Glossari di volumina, volumina di glossari --</subfield>
         <subfield code="t">Glossari di volumina : gli auctores bilingui --</subfield>
         <subfield code="t">Volumina di glossari : i glossari come parte di codice --</subfield>
         <subfield code="t">I colloquia, manuali di conversazione per allofoni --</subfield>
         <subfield code="t">Capitolo III : Grammatiche latine frammentarie d'Oriente --</subfield>
         <subfield code="t">Grado primo : gli abecedari --</subfield>
         <subfield code="t">Grado secondo : tra Schulgrammatik- e regulae-type --</subfield>
         <subfield code="t">Schulgrammatik-type --</subfield>
         <subfield code="t">Regulae-type --</subfield>
         <subfield code="t">Grado terzo : il vocabolario e gli auctores con il sussidio della grammatica --</subfield>
         <subfield code="t">Lessici e glossari bilingui --</subfield>
         <subfield code="t">Adnotationes agli auctores --</subfield>
         <subfield code="t">Dubia grammaticalia --</subfield>
         <subfield code="t">lì P.Oxy. VI 871 --</subfield>
         <subfield code="t">I P.Oxy. XVII 2088 e P.Iand. 15 --</subfield>
         <subfield code="t">Chiavi di lettura --</subfield>
         <subfield code="t">Criteri editoriali --</subfield>
      </datafield>
      <datafield tag="505" ind1="0" ind2="0">
         <subfield code="9"/>
         <subfield code="t">Grado primo : gli abecedari --</subfield>
         <subfield code="t">Capitolo I : Scrivere e pronunciare le lettere dell'alfabeto latino : gli abecedari. P.Chester Beatty inv. AC 1499, O.Deir Rumi inv. OEA 314, P.Oxy. X 1315, P. Worp 1, P.Ant. 1, O.Max. inv. 356 e due frammenti inediti da Bu Njem --</subfield>
         <subfield code="t">P.Chester Beatty inv. AC 1499 : alfabeto latino a sigillare un codice miscellaneo --</subfield>
         <subfield code="t">Alfabeti latini dalle sabbie libiche : due ostraka inediti di Bu Njem --</subfield>
         <subfield code="t">O.Deir Rumi inv. OEA 314 : un alfabeto greco con traslitterazione in latino --</subfield>
         <subfield code="t">P.Oxy. X 1315 (Add. MS 5902) : due alfabeti latini con traslitterazione (parziale) in greco --</subfield>
         <subfield code="t">P. Worp 1 : alfabeto greco in scrittura latina --</subfield>
         <subfield code="t">P.Ant. 1 : due alfabeti latini, in un manuale di stenografia greca --</subfield>
         <subfield code="t">O.Max. inv. 356 : alfabeto e pronuncia del latino --</subfield>
         <subfield code="t">Le vocali --</subfield>
         <subfield code="t">L'aspirazione --</subfield>
         <subfield code="t">Le consonanti : mute e semivocali --</subfield>
         <subfield code="t">Grado secondo : tra Schulgrammatik- e regulae-type --</subfield>
         <subfield code="t">Parte I : Schulgrammatik-type --</subfield>
      </datafield>
      <datafield tag="505" ind1="0" ind2="0">
         <subfield code="9"/>
         <subfield code="t">P.Lit.Lond. II 184 [Brit. Libr. inv. 2723] + RMich. VII --</subfield>
         <subfield code="t">[inv. 4649 verso] --</subfield>
         <subfield code="t">PL III, 504 --</subfield>
         <subfield code="t">Parte II : Regulae-type --</subfield>
         <subfield code="t">Capitolo I : Declinare in latino. P.Bodl. I 2 (scriptio inferior), P.Louvre inv. E 7332, P.Vindob. inv. L 19 e PSI XIII 1309 --</subfield>
         <subfield code="t">P.Bodl. I 2 (scriptio inferior) [inv. Gr. bibl. d. 2] --</subfield>
         <subfield code="t">P.Louvre inv. E 7332 --</subfield>
         <subfield code="t">P.Vindob. inv. L 19 --</subfield>
         <subfield code="t">PSI XIII 1309 --</subfield>
         <subfield code="t">Capitolo II : Coniugare in latino (e in greco). P.Oxy. inv. 103-182(a), P.Strasb. inv. g. 1175, P.Oxy. LXXVIII 5161 e P.Vindob. inv. L 156 --</subfield>
         <subfield code="t">Le coniugazioni su papiro ed il primo libro degli Hermeneumata --</subfield>
         <subfield code="t">I verbi dei P.Oxy. inv. 103-182(a), P.Strasb. inv. g. 1175 e P.Oxy. LXXVIII 5161 --</subfield>
         <subfield code="t">Terza, seconda, prima --</subfield>
         <subfield code="t">Tra gli Hermeneumata e le declinationes verborum delle Artes --</subfield>
         <subfield code="t">P.Oxy. inv. 103-182(a) --</subfield>
         <subfield code="t">P.Strasb. inv. g. 1175 --</subfield>
         <subfield code="t">P.Oxy. LXXVIII 5161 [inv. 7 IB.5, F(b)] --</subfield>
         <subfield code="t">P.Vindob. inv. L 156 --</subfield>
         <subfield code="t">Grado terzo : il vocabolario e gli auctores con il sussidio della grammatica --</subfield>
      </datafield>
      <datafield tag="505" ind1="0" ind2="0">
         <subfield code="9"/>
         <subfield code="t">Capitolo I : Il vocabolario con il sussidio della grammatica : lessici e glossari bilingui : P.Oxy. LII 3660, BKTIX 150, P.Oxy.XUX 3452 e P.Sorb. inv. 2069 --</subfield>
         <subfield code="t">I lessici --</subfield>
         <subfield code="t">Il P.Oxy. LII 3660 e la declinazione di glans ed interrex --</subfield>
         <subfield code="t">I glossari --</subfield>
         <subfield code="t">Il BKTIX 150 (PBerol. inv. 21246 verso) : glossario generico con flessioni verbali parziali --</subfield>
         <subfield code="t">Il P.Oxy. XLIX 3452 e le probabili forme flesse di ciyco ~ taceo --</subfield>
         <subfield code="t">Il P.Sorb. inv. 2069 : note di grammatica contrastiva in un 'glossario' --</subfield>
         <subfield code="t">La flessione nominale --</subfield>
         <subfield code="t">La flessione verbale --</subfield>
         <subfield code="t">Chiarimenti morfologici, ortografici, tonali --</subfield>
         <subfield code="t">Appendice : Lessici e glossari con note grammaticali : i testi --</subfield>
         <subfield code="t">Capitolo II : Gli auctores con il sussidio della grammatica : le adnotationes agli auctores. PRyl. III 477 (Cicerone) e P.Ant. s.n. (Giovenale) --</subfield>
         <subfield code="t">Su Virgilio (P.Ant. I 29) --</subfield>
         <subfield code="t">Su Cicerone (PRyl. Ili 477) --</subfield>
         <subfield code="t">MeTOttpop̉ : translatio --</subfield>
         <subfield code="t">Su Giovenale (P.Ant. s.n.) --</subfield>
         <subfield code="t">"EÀÀEKfuc : detractio (- defectio, defectus) --</subfield>
      </datafield>
      <datafield tag="505" ind1="0" ind2="0">
         <subfield code="9"/>
         <subfield code="t">Avtì6ecic (- òcvtìOetov : contendo : contrapositum) --</subfield>
         <subfield code="t">Dubia grammaticalia --</subfield>
         <subfield code="t">P.Oxy. VI 871 : frammento filosofico o 'sapienziale- grammaticale'? --</subfield>
         <subfield code="t">Postfazione (di Pierre Swiggers e Alfons Wouters) --</subfield>
         <subfield code="t">Latin as a language of acculturation in the Graeco-Roman world : the testimony of the papyri. Some afterthoughts --</subfield>
         <subfield code="t">Riferimenti bibliografici --</subfield>
         <subfield code="t">Indice dei passi citati --</subfield>
         <subfield code="t">Indice di iscrizioni, papiri e manoscritti citati --</subfield>
         <subfield code="t">Indice dei luoghi citati --</subfield>
         <subfield code="t">Tavole.</subfield>
      </datafield>
      <datafield tag="520" ind1=" " ind2=" ">
         <subfield code="a">"Making a corpus of Latin grammatical papyri is not simply a contribution to Latin Papyrology, but especially a decisive element for our knowledge of 'manuals' in schools in the Eastern Roman Empire, their linguistic theories and the way in which they used to 'write' Grammar. A diachronical and diatopical analysis, in parallel with the known (Tèchnai and the) Late Antiquity's Artes, will support a new step while making a corpus of Grammaticae Romanae Fragmenta. In 1979, Alfons Wouters published a corpus containing twentyfive grammatical papyri. Only one was Latin, the P. Lit. Lond. 184 (Brit. Libr. inv. 2723) + P. Mich. VII 429, which contains an Ars concerning the parts of speech and other grammatical themes, written on the verso of a military document (II a.D.). Today, after more than thirty years, new documents can be added to Wouters' corpus, and the book inglobes all of them. Artes Grammaticae in frammenti collects and scrutinizes all the known Latin and bilingual (Greek-Latin and Latin-Greek) grammatical texts on papyrus in order to add further tesserae in the mosaic of our knowledge of forms, practices and circulation of Latin grammar and Roman education."--Publisher's website.</subfield>
      </datafield>
      <datafield tag="650" ind1=" " ind2="0">
         <subfield code="a">Latin language</subfield>
         <subfield code="v">Texts.</subfield>
      </datafield>
      <datafield tag="650" ind1=" " ind2="0">
         <subfield code="a">Manuscripts, Latin (Papyri)</subfield>
      </datafield>
      <datafield tag="650" ind1=" " ind2="0">
         <subfield code="a">Manuscripts, Greek (Papyri)</subfield>
      </datafield>
      <datafield tag="650" ind1=" " ind2="7">
         <subfield code="a">Latin language.</subfield>
         <subfield code="2">fast</subfield>
         <subfield code="0">(OCoLC)fst00993125</subfield>
      </datafield>
      <datafield tag="650" ind1=" " ind2="7">
         <subfield code="a">Manuscripts, Greek (Papyri)</subfield>
         <subfield code="2">fast</subfield>
         <subfield code="0">(OCoLC)fst01008356</subfield>
      </datafield>
      <datafield tag="650" ind1=" " ind2="7">
         <subfield code="a">Manuscripts, Latin (Papyri)</subfield>
         <subfield code="2">fast</subfield>
         <subfield code="0">(OCoLC)fst01008407</subfield>
      </datafield>
      <datafield tag="655" ind1=" " ind2="7">
         <subfield code="a">Texts.</subfield>
         <subfield code="2">fast</subfield>
         <subfield code="0">(OCoLC)fst01423705</subfield>
      </datafield>
      <datafield tag="655" ind1=" " ind2="7">
         <subfield code="a">Teksten (vorm)</subfield>
         <subfield code="2">gtt</subfield>
         <subfield code="0">(NL-LeOCL)138474974</subfield>
      </datafield>
      <datafield tag="776" ind1="0" ind2="8">
         <subfield code="i">Online version:</subfield>
         <subfield code="a">Scappaticcio, Maria Chiara, author.</subfield>
         <subfield code="t">Artes grammaticae in frammenti</subfield>
         <subfield code="d">Berlin : De Gruyter, 2016</subfield>
         <subfield code="z">9783110447378</subfield>
         <subfield code="w">(DLC) 2015049632</subfield>
      </datafield>
      <datafield tag="830" ind1=" " ind2="0">
         <subfield code="a">Sammlung griechischer und lateinischer Grammatiker ;</subfield>
         <subfield code="v">Bd. 17.</subfield>
      </datafield>
      <datafield tag="OWN" ind1=" " ind2=" ">
         <subfield code="a">GENERAL</subfield>
      </datafield>
      <datafield tag="AVA" ind1=" " ind2=" ">
         <subfield code="a">NYU50</subfield>
         <subfield code="b">BOBST</subfield>
         <subfield code="c">Main Collection</subfield>
         <subfield code="d">PA2041 .S33 2015</subfield>
         <subfield code="e">available</subfield>
         <subfield code="t">Available</subfield>
         <subfield code="f">1</subfield>
         <subfield code="g">0</subfield>
         <subfield code="h">N</subfield>
         <subfield code="i">0</subfield>
         <subfield code="j">MAIN</subfield>
         <subfield code="k">0</subfield>
      </datafield>
      <datafield tag="AVA" ind1=" " ind2=" ">
         <subfield code="a">NYU50</subfield>
         <subfield code="b">NISAW</subfield>
         <subfield code="c">Small Collection</subfield>
         <subfield code="d">PA2041 .S33 2015 Non-circulating</subfield>
         <subfield code="e">available</subfield>
         <subfield code="t">Available</subfield>
         <subfield code="f">1</subfield>
         <subfield code="g">0</subfield>
         <subfield code="h">N</subfield>
         <subfield code="i">0</subfield>
         <subfield code="j">SMALL</subfield>
         <subfield code="k">0</subfield>
      </datafield>
      <marc:datafield tag="852" ind1=" " ind2=" ">
         <marc:subfield code="b">Institute for the Study of the Ancient World, </marc:subfield>
         <marc:subfield code="c">Small Collection</marc:subfield>
         <marc:subfield code="e">15 East 84th St., </marc:subfield>
         <marc:subfield code="e">New York, NY  10028</marc:subfield>
      </marc:datafield>
   </record>