
  
  
  
  
  
  
  
  
  
 
  
  <record xsi:schemaLocation="http://www.loc.gov/MARC21/slim http://www.loc.gov/standards/marcxml/schema/MARC21slim.xsd">
      <leader>00000cam a2200697 a 4500</leader>
      <controlfield tag="FMT">BK</controlfield>
      <controlfield tag="LDR">00000cam a2200697 a 4500</controlfield>
      <controlfield tag="001">004679132</controlfield>
      <controlfield tag="003">OCoLC</controlfield>
      <controlfield tag="005">20170502144230.0</controlfield>
      <controlfield tag="008">070518s2007    gw ab    b    000 0 ger c</controlfield>
      <datafield tag="015" ind1=" " ind2=" ">
         <subfield code="a">07,N13,0934</subfield>
         <subfield code="2">dnb</subfield>
      </datafield>
      <datafield tag="016" ind1="7" ind2=" ">
         <subfield code="a">983383383</subfield>
         <subfield code="2">DE-101</subfield>
      </datafield>
      <datafield tag="020" ind1=" " ind2=" ">
         <subfield code="a">9783896464064</subfield>
      </datafield>
      <datafield tag="020" ind1=" " ind2=" ">
         <subfield code="a">389646406X</subfield>
      </datafield>
      <datafield tag="020" ind1=" " ind2=" ">
         <subfield code="z">3896464064</subfield>
      </datafield>
      <datafield tag="024" ind1="3" ind2=" ">
         <subfield code="a">9783896464064</subfield>
      </datafield>
      <datafield tag="035" ind1=" " ind2=" ">
         <subfield code="a">(OCoLC)127107409</subfield>
      </datafield>
      <datafield tag="040" ind1=" " ind2=" ">
         <subfield code="a">OHX</subfield>
         <subfield code="b">eng</subfield>
         <subfield code="c">PUL</subfield>
         <subfield code="d">OHX</subfield>
         <subfield code="d">CGU</subfield>
         <subfield code="d">YUS</subfield>
         <subfield code="d">TOZ</subfield>
         <subfield code="d">GEBAY</subfield>
         <subfield code="d">DEBSZ</subfield>
         <subfield code="d">OCLCF</subfield>
         <subfield code="d">OCLCQ</subfield>
         <subfield code="d">DEBBG</subfield>
         <subfield code="d">ZYU</subfield>
      </datafield>
      <datafield tag="041" ind1="0" ind2=" ">
         <subfield code="a">ger</subfield>
         <subfield code="a">eng</subfield>
      </datafield>
      <datafield tag="042" ind1=" " ind2=" ">
         <subfield code="a">pcc</subfield>
      </datafield>
      <datafield tag="050" ind1=" " ind2="4">
         <subfield code="a">CC79.G46</subfield>
         <subfield code="b">G467 2007</subfield>
      </datafield>
      <datafield tag="072" ind1=" " ind2="7">
         <subfield code="a">GN</subfield>
         <subfield code="2">lcco</subfield>
      </datafield>
      <datafield tag="079" ind1=" " ind2=" ">
         <subfield code="a">(OCoLC)127107409</subfield>
      </datafield>
      <datafield tag="082" ind1="0" ind2="4">
         <subfield code="a">901</subfield>
         <subfield code="2">22/ger</subfield>
      </datafield>
      <datafield tag="084" ind1=" " ind2=" ">
         <subfield code="a">6,11</subfield>
         <subfield code="2">ssgn</subfield>
      </datafield>
      <datafield tag="084" ind1=" " ind2=" ">
         <subfield code="a">6,12</subfield>
         <subfield code="2">ssgn</subfield>
      </datafield>
      <datafield tag="084" ind1=" " ind2=" ">
         <subfield code="a">930</subfield>
         <subfield code="2">sdnb</subfield>
      </datafield>
      <datafield tag="084" ind1=" " ind2=" ">
         <subfield code="a">LE 3600</subfield>
         <subfield code="2">rvk</subfield>
      </datafield>
      <datafield tag="084" ind1=" " ind2=" ">
         <subfield code="a">NF 1128</subfield>
         <subfield code="2">rvk</subfield>
      </datafield>
      <datafield tag="084" ind1=" " ind2=" ">
         <subfield code="a">UT 1200</subfield>
         <subfield code="2">rvk</subfield>
      </datafield>
      <datafield tag="245" ind1="0" ind2="0">
         <subfield code="a">Geophysik und Ausgrabung :</subfield>
         <subfield code="b">Einsatz und Auswertung zerstörungsfreier Prospektion in der Archäologie /</subfield>
         <subfield code="c">Martin Posselt, Benno Zickgraf und Claus Dobiat (Hrsg.).</subfield>
      </datafield>
      <datafield tag="260" ind1=" " ind2=" ">
         <subfield code="a">Rahden/Westf. :</subfield>
         <subfield code="b">VML, Verlag Marie Leidorf,</subfield>
         <subfield code="c">2007.</subfield>
      </datafield>
      <datafield tag="300" ind1=" " ind2=" ">
         <subfield code="a">277 pages :</subfield>
         <subfield code="b">illustrations (some color), maps ;</subfield>
         <subfield code="c">30 cm.</subfield>
      </datafield>
      <datafield tag="336" ind1=" " ind2=" ">
         <subfield code="a">text</subfield>
         <subfield code="b">txt</subfield>
         <subfield code="2">rdacontent</subfield>
      </datafield>
      <datafield tag="337" ind1=" " ind2=" ">
         <subfield code="a">unmediated</subfield>
         <subfield code="b">n</subfield>
         <subfield code="2">rdamedia</subfield>
      </datafield>
      <datafield tag="338" ind1=" " ind2=" ">
         <subfield code="a">volume</subfield>
         <subfield code="b">nc</subfield>
         <subfield code="2">rdacarrier</subfield>
      </datafield>
      <datafield tag="490" ind1="1" ind2=" ">
         <subfield code="a">Internationale Archäologie. Naturwissenschaft und Technologie ;</subfield>
         <subfield code="v">Bd. 6</subfield>
      </datafield>
      <datafield tag="504" ind1=" " ind2=" ">
         <subfield code="a">Includes bibliographical references.</subfield>
      </datafield>
      <datafield tag="505" ind1="0" ind2="0">
         <subfield code="t">Verfahren = Methods.</subfield>
         <subfield code="t">Integrated prospection methods : Multisensor Geophysical Prospecting of the Archaeological Site of Metaponte (Gulf of Tarent, Italy) /</subfield>
         <subfield code="r">Ercan Erkul [and three others] --</subfield>
         <subfield code="t">Ground Penetrating Radar : Verification and Spatial Corrections /</subfield>
         <subfield code="r">Jürg Leckebusch --</subfield>
         <subfield code="t">Test of Geophysical Prospection Using Magnetic and Resistivity Imaging Surveys at Domat al Hamadab Archaeological Site (Sudan) /</subfield>
         <subfield code="r">Mohamed Abdelwahab Mohamed Ali, Pawel Wolf and Hans Burkhardt --</subfield>
         <subfield code="t">Marine 3-D-seismische Methoden für den Einsatz in der Archäologie /</subfield>
         <subfield code="r">Christof Müller [and three others] --</subfield>
         <subfield code="t">Zur Filterwirkung des Hp-Horizontes auf geomagnetische Anomalien : Grabungsbegleitende Prospektionen am Mont Lassios (Burgund, Frankreich) /</subfield>
         <subfield code="r">Harald von der Osten-Woldenburg --</subfield>
         <subfield code="t">A Presentation of Case Studies Discussing the Expected and Unexpected Appearances of Archaeological remains as Resistivity Anomalies in 2D Geoelectrical Sounding /</subfield>
         <subfield code="r">Norbert Schleifer.</subfield>
         <subfield code="t">Ausgrabungen = Excavations.</subfield>
         <subfield code="t">Geophysikalische Daten un Grabungsbefunde im Vergleich : Ein römische Gebäude bei Kelsterbach, Landkreis Gross-Gerau, Hessen /</subfield>
         <subfield code="r">Alexander Heising --</subfield>
         <subfield code="t">An Iorn Age Urban Settlement Revealed by Magnetic Survey : The Case of Ulug Depe (Turkmenistan) /</subfield>
         <subfield code="r">Olivier Lecomte --</subfield>
         <subfield code="t">Die sogenannte "Karawanserei" von Kuşakli-Sarissa : Von der Prospektion zur Rekonstruktion /</subfield>
         <subfield code="r">Andreas Müller-Karpe --</subfield>
         <subfield code="t">Abild und Wirklichkeit : Ergebnisse der geoelektrischen Prospektion und archäologischen Ausgrabung der Wüstungskirche Baumkirchen /</subfield>
         <subfield code="r">Udo Recker und Christoph Röder --</subfield>
         <subfield code="t">Geophysikalische Prospektion und Grabung neolithischer und metallzeitlicher Befundstrukturen in Bad Nauheim-Nieder-Mörlen /</subfield>
         <subfield code="r">Christoph Schade und Sabine Schade-Lindig --</subfield>
         <subfield code="t">Ergebnisse geomagnetischer Prospektionen im Spiegel archäologischer Fakten : Fallbeispiele aus dem gallorömischen Tempelbezirk von Oedenburg (Biesheim, Frankreich) /</subfield>
         <subfield code="r">Peter-Andrew Schwarz und Caty Schucany --</subfield>
      </datafield>
      <datafield tag="505" ind1="8" ind2="0">
         <subfield code="t">Von der Kunst "weisse Linien" zu deuten : Projekt Oedenburg : Biesheim-Kunheim, Dép. Haut-Rhin von 1998-2006 /</subfield>
         <subfield code="r">Gabriele Seitz.</subfield>
         <subfield code="t">Strategien = Strategies.</subfield>
         <subfield code="t">Some Considerations on the Integration of Geophysical Data into Archaeological Research /</subfield>
         <subfield code="r">Christophe Benech and Albert Hesse --</subfield>
         <subfield code="t">Haithabu im 11. Jahrhundert : Auf der Suche nach dem Niedergang eines dänischen emporiums der Wikingerzeit /</subfield>
         <subfield code="r">Volker Hilberg --</subfield>
         <subfield code="t">Geophysikalische Untersuchungen an der villa rustica von Schaming im Salzburger Flachgau : Fragestellungen und erste Ergebnisse hinsichtlich der ländlichen Besiedlung des Territoriums von Iuvavum /</subfield>
         <subfield code="r">Raimund Kastler und Andrea Krammer --</subfield>
         <subfield code="t">Veränderungen der Grabungsstrategie in Tell Chuera (Syrien) aufgrund der Ergebnisse der geomagnetischen Prospektion /</subfield>
         <subfield code="r">Jan-Waalke Meyer --</subfield>
         <subfield code="t">The Contribution of Geophysical Reconnaissance towards Understanding the Proto-industrial Salt Making Workshops of the "Briquetage de la Seille" (Moselle, France) /</subfield>
         <subfield code="r">Lauren Olivier and Joseph Kovacik --</subfield>
         <subfield code="t">Zum Schutz eines verborgenen Weltkulturerbes : Zerstörungsfreie Bestandsaufnahme und Forschung am hessischen Limes /</subfield>
         <subfield code="r">Sebastian Pfnorr und Egon Schallmayer --</subfield>
         <subfield code="t">Geomagnetische Untersuchungen auf dem Martberg bei Pommern a.d. Mosel, Rheinland-Pfalz, Kr. Cochem-Zell /</subfield>
         <subfield code="r">Martin Thoma.</subfield>
      </datafield>
      <datafield tag="650" ind1=" " ind2="0">
         <subfield code="a">Geophysics in archaeology.</subfield>
      </datafield>
      <datafield tag="650" ind1=" " ind2="0">
         <subfield code="a">Archaeology</subfield>
         <subfield code="x">Methodology.</subfield>
      </datafield>
      <datafield tag="650" ind1=" " ind2="7">
         <subfield code="a">Archaeology</subfield>
         <subfield code="x">Methodology.</subfield>
         <subfield code="2">fast</subfield>
         <subfield code="0">(OCoLC)fst00812969</subfield>
      </datafield>
      <datafield tag="650" ind1=" " ind2="7">
         <subfield code="a">Geophysics in archaeology.</subfield>
         <subfield code="2">fast</subfield>
         <subfield code="0">(OCoLC)fst00941044</subfield>
      </datafield>
      <datafield tag="650" ind1="0" ind2="7">
         <subfield code="a">Archäologie.</subfield>
         <subfield code="2">swd</subfield>
      </datafield>
      <datafield tag="650" ind1="0" ind2="7">
         <subfield code="a">Prospektion.</subfield>
         <subfield code="2">swd</subfield>
      </datafield>
      <datafield tag="650" ind1="0" ind2="7">
         <subfield code="a">Archäologie.</subfield>
         <subfield code="0">(DE-588)4002827-6</subfield>
         <subfield code="2">gnd</subfield>
      </datafield>
      <datafield tag="650" ind1="0" ind2="7">
         <subfield code="a">Prospektion.</subfield>
         <subfield code="0">(DE-588)4047505-0</subfield>
         <subfield code="2">gnd</subfield>
      </datafield>
      <datafield tag="655" ind1=" " ind2="4">
         <subfield code="a">Aufsatzsammlung.</subfield>
      </datafield>
      <datafield tag="700" ind1="1" ind2=" ">
         <subfield code="a">Posselt, Martin.</subfield>
      </datafield>
      <datafield tag="700" ind1="1" ind2=" ">
         <subfield code="a">Zickgraf, Benno.</subfield>
      </datafield>
      <datafield tag="700" ind1="1" ind2=" ">
         <subfield code="a">Dobiat, Claus.</subfield>
      </datafield>
      <datafield tag="830" ind1=" " ind2="0">
         <subfield code="a">Internationale Archäologie.</subfield>
         <subfield code="p">Naturwissenschaft und Technologie ;</subfield>
         <subfield code="v">Bd. 6.</subfield>
      </datafield>
      <datafield tag="856" ind1="4" ind2="1">
         <subfield code="3">Table of contents</subfield>
         <subfield code="q">application/pdf</subfield>
         <subfield code="u">http://swbplus.bsz-bw.de/bsz262968525inh.pdf</subfield>
      </datafield>
      <datafield tag="856" ind1="4" ind2="1">
         <subfield code="3">Table of contents</subfield>
         <subfield code="u">http://swbplus.bsz-bw.de/bsz262968525inh.htm</subfield>
      </datafield>
      <datafield tag="856" ind1="4" ind2=" ">
         <subfield code="3">Kurzbeschreibung</subfield>
         <subfield code="q">text/html</subfield>
         <subfield code="u">http://www.vml.de/d/detail.php?ISBN=978-3-89646-406-4</subfield>
      </datafield>
      <datafield tag="856" ind1=" " ind2=" ">
         <subfield code="u">http://bvbr.bib-bvb.de:8991/F?func=service&amp;doc_library=BVB01&amp;local_base=BVB01&amp;doc_number=015614818&amp;line_number=0001&amp;func_code=DB_RECORDS&amp;service_type=MEDIA</subfield>
         <subfield code="z">Inhaltsverzeichnis</subfield>
      </datafield>
      <datafield tag="OWN" ind1=" " ind2=" ">
         <subfield code="a">GENERAL</subfield>
      </datafield>
      <datafield tag="AVA" ind1=" " ind2=" ">
         <subfield code="a">NYU50</subfield>
         <subfield code="b">NISAW</subfield>
         <subfield code="c">Large Collection</subfield>
         <subfield code="d">CC79.G46 G467 2007 Non-circulating</subfield>
         <subfield code="e">available</subfield>
         <subfield code="t">Available</subfield>
         <subfield code="f">1</subfield>
         <subfield code="g">0</subfield>
         <subfield code="h">N</subfield>
         <subfield code="i">0</subfield>
         <subfield code="j">LARGE</subfield>
         <subfield code="k">0</subfield>
      </datafield>
      <marc:datafield tag="852" ind1=" " ind2=" ">
         <marc:subfield code="b">Institute for the Study of the Ancient World, </marc:subfield>
         <marc:subfield code="c">Large Collection</marc:subfield>
         <marc:subfield code="e">15 East 84th St., </marc:subfield>
         <marc:subfield code="e">New York, NY  10028</marc:subfield>
      </marc:datafield>
   </record>