
  
  
  
  
  
  
  
  
  
  
 
  
  <record xsi:schemaLocation="http://www.loc.gov/MARC21/slim http://www.loc.gov/standards/marcxml/schema/MARC21slim.xsd">
      <leader>00000cam a2200589 i 4500</leader>
      <controlfield tag="FMT">BK</controlfield>
      <controlfield tag="LDR">00000cam a2200589 i 4500</controlfield>
      <controlfield tag="001">004679176</controlfield>
      <controlfield tag="003">OCoLC</controlfield>
      <controlfield tag="005">20170502144411.0</controlfield>
      <controlfield tag="008">160820s2015    tu a     b    000 0dtur c</controlfield>
      <datafield tag="010" ind1=" " ind2=" ">
         <subfield code="a">2016429725</subfield>
      </datafield>
      <datafield tag="020" ind1=" " ind2=" ">
         <subfield code="a">9789759780272</subfield>
      </datafield>
      <datafield tag="020" ind1=" " ind2=" ">
         <subfield code="a">9759780275</subfield>
      </datafield>
      <datafield tag="035" ind1=" " ind2=" ">
         <subfield code="a">(OCoLC)933788473</subfield>
         <subfield code="z">(OCoLC)931628407</subfield>
         <subfield code="z">(OCoLC)931646544</subfield>
      </datafield>
      <datafield tag="040" ind1=" " ind2=" ">
         <subfield code="a">PUL</subfield>
         <subfield code="b">eng</subfield>
         <subfield code="e">rda</subfield>
         <subfield code="c">PUL</subfield>
         <subfield code="d">DLC</subfield>
         <subfield code="d">OCLCF</subfield>
         <subfield code="d">BTCTA</subfield>
         <subfield code="d">YDXCP</subfield>
         <subfield code="d">OCL</subfield>
         <subfield code="d">OCLCO</subfield>
         <subfield code="d">OCLCQ</subfield>
         <subfield code="d">ZYU</subfield>
      </datafield>
      <datafield tag="041" ind1="0" ind2=" ">
         <subfield code="a">eng</subfield>
         <subfield code="a">tur</subfield>
      </datafield>
      <datafield tag="042" ind1=" " ind2=" ">
         <subfield code="a">pcc</subfield>
      </datafield>
      <datafield tag="043" ind1=" " ind2=" ">
         <subfield code="a">a-tu---</subfield>
      </datafield>
      <datafield tag="050" ind1="0" ind2="0">
         <subfield code="a">CC115.G37</subfield>
         <subfield code="b">J63 2015</subfield>
      </datafield>
      <datafield tag="079" ind1=" " ind2=" ">
         <subfield code="a">(OCoLC)933788473</subfield>
      </datafield>
      <datafield tag="082" ind1="0" ind2="0">
         <subfield code="a">939/.2</subfield>
         <subfield code="2">23</subfield>
      </datafield>
      <datafield tag="245" ind1="0" ind2="0">
         <subfield code="a">John Garstang's footsteps across Anatolia =</subfield>
         <subfield code="b">Anadolu'da John Garstang'ın ayak izleri /</subfield>
         <subfield code="c">edited by = derleyen Alan M. Greaves.</subfield>
      </datafield>
      <datafield tag="246" ind1="3" ind2="1">
         <subfield code="a">Anadolu'da John Garstang'ın ayak izleri</subfield>
      </datafield>
      <datafield tag="250" ind1=" " ind2=" ">
         <subfield code="a">1st edition.</subfield>
      </datafield>
      <datafield tag="264" ind1=" " ind2="1">
         <subfield code="a">Beyoğlu, İstanbul :</subfield>
         <subfield code="b">Koç Üniversitesi Anadolu Medeniyetleri Araştırma Merkezi,</subfield>
         <subfield code="c">2015.</subfield>
      </datafield>
      <datafield tag="300" ind1=" " ind2=" ">
         <subfield code="a">239 pages :</subfield>
         <subfield code="b">illustrations ;</subfield>
         <subfield code="c">28 cm</subfield>
      </datafield>
      <datafield tag="336" ind1=" " ind2=" ">
         <subfield code="a">text</subfield>
         <subfield code="b">txt</subfield>
         <subfield code="2">rdacontent</subfield>
      </datafield>
      <datafield tag="337" ind1=" " ind2=" ">
         <subfield code="a">unmediated</subfield>
         <subfield code="b">n</subfield>
         <subfield code="2">rdamedia</subfield>
      </datafield>
      <datafield tag="338" ind1=" " ind2=" ">
         <subfield code="a">volume</subfield>
         <subfield code="b">nc</subfield>
         <subfield code="2">rdacarrier</subfield>
      </datafield>
      <datafield tag="500" ind1=" " ind2=" ">
         <subfield code="a">"This book is published within the framework of the exhibition John Garstang's footsteps across Anatolia held at Koç University's Research Center for Anatolian Civilizations between 17 September - 10 December 2015"--Page 5.</subfield>
      </datafield>
      <datafield tag="504" ind1=" " ind2=" ">
         <subfield code="a">Includes bibliographical references (pages 222-225).</subfield>
      </datafield>
      <datafield tag="546" ind1=" " ind2=" ">
         <subfield code="a">In English and Turkish.</subfield>
      </datafield>
      <datafield tag="505" ind1="0" ind2="0">
         <subfield code="t">John Garstang: A Biographical Sketch =</subfield>
         <subfield code="t">John Garstang: Bir Yaşam Öyküsü Eskizi /</subfield>
         <subfield code="t">Alan M. Greaves, Françoise Rutland --</subfield>
         <subfield code="t">Garstang's Anatolia Survey and the Land of the Hittites =</subfield>
         <subfield code="t">Garstang'ın Anadolu Yüzey Araştιrmasι ve Hitit Ülkesi /</subfield>
         <subfield code="r">Alan M. Greaves, Françoise Rutland --</subfield>
         <subfield code="t">John Garstang and the Archaeology of the Near East =</subfield>
         <subfield code="t">John Garstang ve Yakιndoğu Arkeolojisi /</subfield>
         <subfield code="r">Phil Freeman --</subfield>
         <subfield code="t">The Garstang Photography Archive from Asia Minor 1907-11 =</subfield>
         <subfield code="t">Garstang'in 1907-11 Küçük Asya Fotoğraf Arşivi /</subfield>
         <subfield code="r">Bob Miller --</subfield>
         <subfield code="t">John Garstang and Sakçagözü in the Ottoman Archives =</subfield>
         <subfield code="t">Osmanlι Arşivleri'nde John Garstang ve Sakçagözü /</subfield>
         <subfield code="r">Bülent Genç --</subfield>
         <subfield code="t">From Sakçagözü to Ankara: The Story of Garstang's Gateway =</subfield>
         <subfield code="t">Sakçagözü'nden Ankara'ya Garstang'ιn Kapısının Hikâyesi /</subfield>
         <subfield code="r">B. Nilgün Öz --</subfield>
         <subfield code="t">John Garstang and the Foundation of the British Institute at Ankara =</subfield>
         <subfield code="t">John Garstang ve Ankara İngiliz Arkeoloji Enstitüsünün Kuruluşu /</subfield>
         <subfield code="r">Alan M. Greaves --</subfield>
         <subfield code="t">Cataloguing and Digitising Garstang's Photographic Archives =</subfield>
         <subfield code="t">Garstang'ın Fotoğraf Arşivinin Kataloglanması ve Dijitalleştirilmesi /</subfield>
         <subfield code="r">J.R. Peterson, Katie Waring.</subfield>
      </datafield>
      <datafield tag="600" ind1="1" ind2="0">
         <subfield code="a">Garstang, John,</subfield>
         <subfield code="d">1876-1956.</subfield>
      </datafield>
      <datafield tag="650" ind1=" " ind2="0">
         <subfield code="a">Archaeologists</subfield>
         <subfield code="z">Turkey</subfield>
         <subfield code="v">Biography.</subfield>
      </datafield>
      <datafield tag="650" ind1=" " ind2="0">
         <subfield code="a">Excavations (Archaeology)</subfield>
         <subfield code="z">Turkey.</subfield>
      </datafield>
      <datafield tag="650" ind1=" " ind2="0">
         <subfield code="a">Archaeological surveying</subfield>
         <subfield code="z">Turkey.</subfield>
      </datafield>
      <datafield tag="651" ind1=" " ind2="0">
         <subfield code="a">Turkey</subfield>
         <subfield code="x">Antiquities.</subfield>
      </datafield>
      <datafield tag="600" ind1="1" ind2="7">
         <subfield code="a">Garstang, John,</subfield>
         <subfield code="d">1876-1956.</subfield>
         <subfield code="2">fast</subfield>
         <subfield code="0">(OCoLC)fst00281906</subfield>
      </datafield>
      <datafield tag="650" ind1=" " ind2="7">
         <subfield code="a">Antiquities.</subfield>
         <subfield code="2">fast</subfield>
         <subfield code="0">(OCoLC)fst00810745</subfield>
      </datafield>
      <datafield tag="650" ind1=" " ind2="7">
         <subfield code="a">Archaeological surveying.</subfield>
         <subfield code="2">fast</subfield>
         <subfield code="0">(OCoLC)fst00812919</subfield>
      </datafield>
      <datafield tag="650" ind1=" " ind2="7">
         <subfield code="a">Archaeologists.</subfield>
         <subfield code="2">fast</subfield>
         <subfield code="0">(OCoLC)fst00812929</subfield>
      </datafield>
      <datafield tag="650" ind1=" " ind2="7">
         <subfield code="a">Excavations (Archaeology)</subfield>
         <subfield code="2">fast</subfield>
         <subfield code="0">(OCoLC)fst00917564</subfield>
      </datafield>
      <datafield tag="651" ind1=" " ind2="7">
         <subfield code="a">Turkey.</subfield>
         <subfield code="2">fast</subfield>
         <subfield code="0">(OCoLC)fst01208963</subfield>
      </datafield>
      <datafield tag="655" ind1=" " ind2="7">
         <subfield code="a">Biography.</subfield>
         <subfield code="2">fast</subfield>
         <subfield code="0">(OCoLC)fst01423686</subfield>
      </datafield>
      <datafield tag="700" ind1="1" ind2=" ">
         <subfield code="a">Greaves, Alan M.,</subfield>
         <subfield code="d">1969-</subfield>
         <subfield code="e">editor.</subfield>
      </datafield>
      <datafield tag="710" ind1="2" ind2=" ">
         <subfield code="a">Koç Üniversitesi.</subfield>
         <subfield code="b">Anadolu Medeniyetleri Araṣtirma Merkezi,</subfield>
         <subfield code="e">host institution.</subfield>
      </datafield>
      <datafield tag="OWN" ind1=" " ind2=" ">
         <subfield code="a">GENERAL</subfield>
      </datafield>
      <datafield tag="AVA" ind1=" " ind2=" ">
         <subfield code="a">NYU50</subfield>
         <subfield code="b">NISAW</subfield>
         <subfield code="c">Large Collection</subfield>
         <subfield code="d">CC115.G37 J63 2015 Non-circulating</subfield>
         <subfield code="e">available</subfield>
         <subfield code="t">Available</subfield>
         <subfield code="f">1</subfield>
         <subfield code="g">0</subfield>
         <subfield code="h">N</subfield>
         <subfield code="i">0</subfield>
         <subfield code="j">LARGE</subfield>
         <subfield code="k">0</subfield>
      </datafield>
      <marc:datafield tag="852" ind1=" " ind2=" ">
         <marc:subfield code="b">Institute for the Study of the Ancient World, </marc:subfield>
         <marc:subfield code="c">Large Collection</marc:subfield>
         <marc:subfield code="e">15 East 84th St., </marc:subfield>
         <marc:subfield code="e">New York, NY  10028</marc:subfield>
      </marc:datafield>
   </record>