
  
  
  
  
  
  
  
  
  
 
  
  <record xsi:schemaLocation="http://www.loc.gov/MARC21/slim http://www.loc.gov/standards/marcxml/schema/MARC21slim.xsd">
      <leader>00000cam a2200745Ii 4500</leader>
      <controlfield tag="FMT">BK</controlfield>
      <controlfield tag="LDR">00000cam a2200745Ii 4500</controlfield>
      <controlfield tag="001">004679089</controlfield>
      <controlfield tag="003">OCoLC</controlfield>
      <controlfield tag="005">20170509152326.0</controlfield>
      <controlfield tag="008">160331s2016    be abce  b    100 0 eng d</controlfield>
      <datafield tag="020" ind1=" " ind2=" ">
         <subfield code="a">9042933615</subfield>
         <subfield code="q">(paperback)</subfield>
      </datafield>
      <datafield tag="020" ind1=" " ind2=" ">
         <subfield code="a">9789042933613</subfield>
         <subfield code="q">(paperback)</subfield>
      </datafield>
      <datafield tag="035" ind1=" " ind2=" ">
         <subfield code="a">(OCoLC)945749574</subfield>
         <subfield code="z">(OCoLC)946011380</subfield>
         <subfield code="z">(OCoLC)951779770</subfield>
      </datafield>
      <datafield tag="040" ind1=" " ind2=" ">
         <subfield code="a">YDXCP</subfield>
         <subfield code="b">eng</subfield>
         <subfield code="e">rda</subfield>
         <subfield code="c">YDXCP</subfield>
         <subfield code="d">OHX</subfield>
         <subfield code="d">BTCTA</subfield>
         <subfield code="d">ERASA</subfield>
         <subfield code="d">CGU</subfield>
         <subfield code="d">OCLCO</subfield>
         <subfield code="d">OCLCF</subfield>
         <subfield code="d">OCLCO</subfield>
         <subfield code="d">NUI</subfield>
         <subfield code="d">OCLCO</subfield>
         <subfield code="d">WAU</subfield>
         <subfield code="d">OCLCO</subfield>
         <subfield code="d">IPS</subfield>
         <subfield code="d">ZYU</subfield>
         <subfield code="d">OCL</subfield>
         <subfield code="d">ZYU</subfield>
      </datafield>
      <datafield tag="041" ind1="0" ind2=" ">
         <subfield code="a">eng</subfield>
         <subfield code="a">ger</subfield>
      </datafield>
      <datafield tag="043" ind1=" " ind2=" ">
         <subfield code="a">a-tu---</subfield>
         <subfield code="a">mm-----</subfield>
      </datafield>
      <datafield tag="050" ind1=" " ind2="4">
         <subfield code="a">TD311.A1</subfield>
         <subfield code="b">F765 2014</subfield>
      </datafield>
      <datafield tag="072" ind1=" " ind2="7">
         <subfield code="a">TD</subfield>
         <subfield code="2">lcco</subfield>
      </datafield>
      <datafield tag="079" ind1=" " ind2=" ">
         <subfield code="a">(OCoLC)945749574</subfield>
      </datafield>
      <datafield tag="082" ind1="0" ind2="4">
         <subfield code="a">938</subfield>
      </datafield>
      <datafield tag="111" ind1="2" ind2=" ">
         <subfield code="a">Frontinus-Symposium</subfield>
         <subfield code="d">(2014 :</subfield>
         <subfield code="c">Antalya, Turkey)</subfield>
      </datafield>
      <datafield tag="245" ind1="1" ind2="0">
         <subfield code="a">De aquaeductu atque aqua urbium Lyciae Pamphyliae Pisidiae :</subfield>
         <subfield code="b">the legacy of Sextus Julius Frontinus : Tagungsband des internationalen Frontinus-Symposiums, Antalya, 31. Oktober-9. November 2014 /</subfield>
         <subfield code="c">edited by Gilbert Wiplinger.</subfield>
      </datafield>
      <datafield tag="264" ind1=" " ind2="1">
         <subfield code="a">Leuven :</subfield>
         <subfield code="b">Peeters,</subfield>
         <subfield code="c">2016.</subfield>
      </datafield>
      <datafield tag="300" ind1=" " ind2=" ">
         <subfield code="a">xxxv, 344 pages :</subfield>
         <subfield code="b">illustrations (chiefly color), maps, plans, portraits ;</subfield>
         <subfield code="c">28 cm.</subfield>
      </datafield>
      <datafield tag="336" ind1=" " ind2=" ">
         <subfield code="a">text</subfield>
         <subfield code="2">rdacontent</subfield>
      </datafield>
      <datafield tag="337" ind1=" " ind2=" ">
         <subfield code="a">unmediated</subfield>
         <subfield code="2">rdamedia</subfield>
      </datafield>
      <datafield tag="338" ind1=" " ind2=" ">
         <subfield code="a">volume</subfield>
         <subfield code="2">rdacarrier</subfield>
      </datafield>
      <datafield tag="490" ind1="1" ind2=" ">
         <subfield code="a">Babesch. Supplement,</subfield>
         <subfield code="x">0165-9367 ;</subfield>
         <subfield code="v">27-2016</subfield>
      </datafield>
      <datafield tag="504" ind1=" " ind2=" ">
         <subfield code="a">Includes bibliographical references.</subfield>
      </datafield>
      <datafield tag="520" ind1="8" ind2=" ">
         <subfield code="a">Der vorliegende Band ist bereits die dritte von Gilbert Wiplinger herausgegebene Publikation eines Frontinus-Symposiums als BABESCH-Supplementband zur historischen Wasserwirtschaft. Schon nach dem Symposium "Cura Aquarum in Ephesus" (BABESCH Suppl. 21) im Jahr 2004 zeichnete sich die Umgebung von Antalya durch die vielen spektakulären antiken Wasserbauten als Wunschziel für eine weitere Tagung ab. Aber erst am Ende des Symposiums "Historische Wasserleitungen. Gestern-Heute-Morgen" (BABESCH Suppl. 24) 2011 in Wien sprach Havva Iskan-Isik, Professorin an der Akdeniz Universität Antalya, in der Abschlussdiskussion die Einladung nach Antalya aus, sodass diese 2014 realisiert werden konnte. 0Nach den Eröffnungsvorträgen über "Ingenieure im Dienst der Archäologie am Beispiel der Fernwasserleitungen von Ephesos" und "Inschriften auf römischen Wasserrohren" folgt als erster Schwerpunkt mit überwiegend aus der Region stammenden Fernwasserleitungen und innerstädtischen Leitungssystemen. Diese Leitungen sowie die damit verbundenen Systeme in Side, Aspendos, Phaselis und Patara wurden auf Exkursionen besucht. 0Der nächste Themenkomplex behandelt bauliche Strukturen römischer Badeanlagen von Italien (Baia) über die Türkei (Patara) bis Israel (Caesarea Maritima). Untersucht werden zudem Todesfälle antiker Herrscher in Bädern. Zwei weitere Beiträge befassen sich mit sehr unterschiedlichen Themen. Einmal geht es um die private Nutzung von Wasser im östlichen Mittelmeerraum und zum anderen um dessen religiöse Verwendung im Rom selbst. Im nächsten Themenschwerpunkt geht man hydrotechnischen Problemen auf den Grund. Der letzte Schwerpunkt setzt sich mit der industriellen Nutzung des Wassers auseinander, in dem Wassermühlen in Palästina, Bergwerke in Spanien und spätantike Rohre in Ephesos untersucht werden. Den Abschluss bildet der Ehrenvortrag von Marc Waelkens über Sagalassos, die Stadt des Wassers. 0.</subfield>
      </datafield>
      <datafield tag="546" ind1=" " ind2=" ">
         <subfield code="a">Papers in English and German.</subfield>
      </datafield>
      <datafield tag="505" ind1="0" ind2="0">
         <subfield code="t">Vorwort des Präsidenten der Frontinus-Gesellschaft /</subfield>
         <subfield code="r">Hans Mehlhorn --</subfield>
         <subfield code="t">Vorwort der Direktorin des Österreichischen Archäologischen Institutes /</subfield>
         <subfield code="r">Sabine Ladstätter --</subfield>
         <subfield code="t">In Memoriam Dipl.-Ing. Dr. techn. Christine Ertel /</subfield>
         <subfield code="r">Manfred Kandler --</subfield>
         <subfield code="t">Preface and Introduction /</subfield>
         <subfield code="r">Gilbert Wiplinger.</subfield>
         <subfield code="t">Opening Lectures.</subfield>
         <subfield code="t">Ingenieure im Dienst der Archäologi : am Beispiel der Fernwasserleitungen von Ephesos /</subfield>
         <subfield code="r">Ünal Öziş --</subfield>
         <subfield code="t">Inscriptions on Roman Water Pipes : A Global Survey /</subfield>
         <subfield code="r">Christer Bruun.</subfield>
         <subfield code="t">Anatolia : Aqueducts and the Urban Water Works.</subfield>
         <subfield code="t">The Water Systems of the Ancient city of Parion /</subfield>
         <subfield code="r">Vedat Keleş, Alper Yılmaz, Ersin Çelikbaş, Michael Deniz Yılmaz --</subfield>
         <subfield code="t">Long-Distance Water Conveyance to Phocaea /</subfield>
         <subfield code="r">Yalçin Özdemir, Ahmet Alkan, N. Orhan Baykan --</subfield>
         <subfield code="t">Water-Related STructures of Ancient Smyrna /</subfield>
         <subfield code="r">Akın Eroy, Sarp Alatepeli --</subfield>
         <subfield code="t">Sanitation, Splendor, and Status in the Hydraulic Landscape of Sardis /</subfield>
         <subfield code="r">Brianna Bricker --</subfield>
      </datafield>
      <datafield tag="505" ind1="0" ind2="0">
         <subfield code="9"/>
         <subfield code="t">Der hadrianische und anatoninische Değirmendere Aquädukt von Ephesos : 10 Jahre nach dem Ephesos-Symposium /</subfield>
         <subfield code="r">Gilbert Wiplinger --</subfield>
         <subfield code="t">The Aqueducts of Aphrodisias : A Regional Approach /</subfield>
         <subfield code="r">Angela R. Commito --</subfield>
         <subfield code="t">Water Conveyance to Mylasa from the North-East /</subfield>
         <subfield code="r">Ahmet Alkan --</subfield>
         <subfield code="t">Ancient Water Management Systems at Antiochia ad Cragum in Rough Cilicia /</subfield>
         <subfield code="r">Birol Can, Michael Hoff, Dennis Murphy --</subfield>
         <subfield code="t">The Ancient Aqueduct of Diocaesarea in the Olbian Territory of Southern Turkey /</subfield>
         <subfield code="r">Dennis Murphy.</subfield>
         <subfield code="t">More Aqueducts in the Roman World.</subfield>
         <subfield code="t">The Route of the Roman Aqueduct of Cadiz /</subfield>
         <subfield code="r">Jenny Pérez Marrero, Isabel Bestué Cardiel, Rafael Lucas Ruíz --</subfield>
         <subfield code="t">Preliminary Notes of the Research on the Roman Aqueduct of Alba Fucens (Aq) in Italy : The Geophysical Prospecting /</subfield>
         <subfield code="r">Dario Rose, Marilena Cozzolino, Paolo Mauriello.</subfield>
         <subfield code="t">Awarding of the Frontinus-Medal to Isaac Moreno Gally, Spain and Ünal Öziş, Turkey.</subfield>
      </datafield>
      <datafield tag="505" ind1="0" ind2="0">
         <subfield code="9"/>
         <subfield code="t">Laudatio zur Verleihung der Frontinus-Medaille an Herrn Isaac Moreno Gallo /</subfield>
         <subfield code="r">Klaus Grewe --</subfield>
         <subfield code="t">Roman Water Supply Systems : New Approach /</subfield>
         <subfield code="r">Isaac Moreno Gallo --</subfield>
         <subfield code="t">Laudatio Zur Verleihung der Frontinus-Medaille an Herrn Prof. Dr. Ünal Öziş /</subfield>
         <subfield code="r">Gilbert Wiplinger --</subfield>
         <subfield code="t">Dankesworte /</subfield>
         <subfield code="t">Ünal Öziş.</subfield>
         <subfield code="t">Jordan.</subfield>
         <subfield code="t">Das Wasser der Nabatäer : Zwischen Lebensnotwendigkeit und Luxus : Das Northeastern Petra Project /</subfield>
         <subfield code="r">Laura Weiss --</subfield>
         <subfield code="t">Recent Advantages in Understanding the Water Delivery System to Gerasa of the Decapolis /</subfield>
         <subfield code="r">David Donald Boyer --</subfield>
         <subfield code="t">Three Hydraulic Masterpieces of Nabataean Petra /</subfield>
         <subfield code="r">Charles R. Ortloff.</subfield>
         <subfield code="t">Cisterns.</subfield>
         <subfield code="t">Die Zisterne auf dem Kurşunlu-Hügel in Patara : Ein Vorbericht zu den Grabungsarbeiten /</subfield>
         <subfield code="r">Havva İşkan, N. Orhan Kaykan --</subfield>
         <subfield code="t">Cistern-Arse! Dry Humor with Wet Cisterns /</subfield>
         <subfield code="r">Patrik Klingborg.</subfield>
         <subfield code="t">Baths.</subfield>
         <subfield code="t">Death in the Bath : From Therapeutic Hazard to a Reconstruction of Ancient Roman Bathing /</subfield>
         <subfield code="r">Jens Köhler --</subfield>
      </datafield>
      <datafield tag="505" ind1="0" ind2="0">
         <subfield code="9"/>
         <subfield code="t">The Archaeological Park of Baiae : New Hydrological Findings and Considerations /</subfield>
         <subfield code="r">Matthias Nieberle --</subfield>
         <subfield code="t">Water Supply to Private Customers at Caesarea Maritima : The Case of the Bathhouse of the Praetorium of the Byzantine Governor /</subfield>
         <subfield code="r">Joseph Patrich.</subfield>
         <subfield code="t">Water : Privat and Religion.</subfield>
         <subfield code="t">A Private Piece of Nature : Water Display as Part of an Artificial Natural Enviornment in Roman and Late Antique Élite Houses of Asia Minor /</subfield>
         <subfield code="r">Inge Uytterhoeven --</subfield>
         <subfield code="t">Wasserführende Heiligtümer auf dem Forum Romanum in Rom /</subfield>
         <subfield code="r">Christine Ertel.</subfield>
         <subfield code="t">Hydraulic Engineering.</subfield>
         <subfield code="t">Testing of Modern Flood Estimation Methods on Acient Close Conduits : Case Study : Bezirgan Emissary Tunnel (Turkey) /</subfield>
         <subfield code="r">Nesrin Baykan, Ülker Güner Bacanlı, N. Ohran Baykan --</subfield>
         <subfield code="t">The Aspendos Siphon and Roman Hydraulics /</subfield>
         <subfield code="t">Paul Kessener --</subfield>
         <subfield code="t">Stagnant Beauties? Some Reflections on the Speed of Water Flow in Roman Nymphaea /</subfield>
         <subfield code="r">Julian Richard.</subfield>
         <subfield code="t">Industry.</subfield>
         <subfield code="t">Wasserbau für die Bergwerke im Nordwesten der Iberischen Halbinsel /</subfield>
      </datafield>
      <datafield tag="505" ind1="0" ind2="0">
         <subfield code="9"/>
         <subfield code="r">Regula Wahl-Clerici --</subfield>
         <subfield code="t">Temples, Churches, Cisterns and Pipes : Water in Late Antique Ephesus /</subfield>
         <subfield code="t">Jordan Pickett --</subfield>
         <subfield code="t">Watermill as Sustainable Development /</subfield>
         <subfield code="r">Raghid Sabri, Broder Merkel, Marion Tichomirowa.</subfield>
         <subfield code="t">Honorary Lecture.</subfield>
         <subfield code="t">Sugalassos, City of Water : Urban Water Supply from approximately 100 BC to approximately AD 200 /</subfield>
         <subfield code="r">Marc Waelkens.</subfield>
      </datafield>
      <datafield tag="650" ind1=" " ind2="0">
         <subfield code="a">Water-supply</subfield>
         <subfield code="z">Turkey</subfield>
         <subfield code="x">Management</subfield>
         <subfield code="v">Congresses.</subfield>
      </datafield>
      <datafield tag="650" ind1=" " ind2="0">
         <subfield code="a">Water-supply</subfield>
         <subfield code="z">Mediterranean Region</subfield>
         <subfield code="x">Management</subfield>
         <subfield code="x">History</subfield>
         <subfield code="v">Congresses.</subfield>
      </datafield>
      <datafield tag="650" ind1=" " ind2="0">
         <subfield code="a">Aqueducts</subfield>
         <subfield code="z">Turkey</subfield>
         <subfield code="v">Congresses.</subfield>
      </datafield>
      <datafield tag="650" ind1=" " ind2="0">
         <subfield code="a">Hydraulic engineering</subfield>
         <subfield code="z">Mediterranean Region</subfield>
         <subfield code="x">History</subfield>
         <subfield code="v">Congresses.</subfield>
      </datafield>
      <datafield tag="651" ind1=" " ind2="0">
         <subfield code="a">Turkey</subfield>
         <subfield code="x">Antiquities</subfield>
         <subfield code="v">Congresses.</subfield>
      </datafield>
      <datafield tag="651" ind1=" " ind2="0">
         <subfield code="a">Mediterranean Region</subfield>
         <subfield code="x">Antiquities</subfield>
         <subfield code="v">Congresses.</subfield>
      </datafield>
      <datafield tag="650" ind1=" " ind2="0">
         <subfield code="a">Excavations (Archaeology)</subfield>
         <subfield code="z">Mediterranean Region</subfield>
         <subfield code="v">Congresses.</subfield>
      </datafield>
      <datafield tag="650" ind1=" " ind2="0">
         <subfield code="a">Excavations (Archaeology)</subfield>
         <subfield code="z">Turkey</subfield>
         <subfield code="v">Congresses.</subfield>
      </datafield>
      <datafield tag="600" ind1="1" ind2="0">
         <subfield code="a">Frontinus, Sextus Julius</subfield>
         <subfield code="v">Congresses.</subfield>
      </datafield>
      <datafield tag="600" ind1="1" ind2="7">
         <subfield code="a">Frontinus, Sextus Julius.</subfield>
         <subfield code="2">fast</subfield>
         <subfield code="0">(OCoLC)fst00122779</subfield>
      </datafield>
      <datafield tag="650" ind1=" " ind2="7">
         <subfield code="a">Antiquities.</subfield>
         <subfield code="2">fast</subfield>
         <subfield code="0">(OCoLC)fst00810745</subfield>
      </datafield>
      <datafield tag="650" ind1=" " ind2="7">
         <subfield code="a">Aqueducts.</subfield>
         <subfield code="2">fast</subfield>
         <subfield code="0">(OCoLC)fst00812149</subfield>
      </datafield>
      <datafield tag="650" ind1=" " ind2="7">
         <subfield code="a">Excavations (Archaeology)</subfield>
         <subfield code="2">fast</subfield>
         <subfield code="0">(OCoLC)fst00917564</subfield>
      </datafield>
      <datafield tag="650" ind1=" " ind2="7">
         <subfield code="a">Hydraulic engineering.</subfield>
         <subfield code="2">fast</subfield>
         <subfield code="0">(OCoLC)fst00964596</subfield>
      </datafield>
      <datafield tag="650" ind1=" " ind2="7">
         <subfield code="a">Water-supply</subfield>
         <subfield code="x">Management.</subfield>
         <subfield code="2">fast</subfield>
         <subfield code="0">(OCoLC)fst01172390</subfield>
      </datafield>
      <datafield tag="651" ind1=" " ind2="7">
         <subfield code="a">Mediterranean Region.</subfield>
         <subfield code="2">fast</subfield>
         <subfield code="0">(OCoLC)fst01239752</subfield>
      </datafield>
      <datafield tag="651" ind1=" " ind2="7">
         <subfield code="a">Turkey.</subfield>
         <subfield code="2">fast</subfield>
         <subfield code="0">(OCoLC)fst01208963</subfield>
      </datafield>
      <datafield tag="655" ind1=" " ind2="7">
         <subfield code="a">Conference papers and proceedings.</subfield>
         <subfield code="2">lcgft</subfield>
      </datafield>
      <datafield tag="655" ind1=" " ind2="7">
         <subfield code="a">Conference papers and proceedings.</subfield>
         <subfield code="2">fast</subfield>
         <subfield code="0">(OCoLC)fst01423772</subfield>
      </datafield>
      <datafield tag="655" ind1=" " ind2="7">
         <subfield code="a">History.</subfield>
         <subfield code="2">fast</subfield>
         <subfield code="0">(OCoLC)fst01411628</subfield>
      </datafield>
      <datafield tag="700" ind1="1" ind2=" ">
         <subfield code="a">Wiplinger, Gilbert,</subfield>
         <subfield code="e">editor.</subfield>
      </datafield>
      <datafield tag="830" ind1=" " ind2="0">
         <subfield code="a">Bulletin antieke beschaving.</subfield>
         <subfield code="p">Supplement ;</subfield>
         <subfield code="v">27.</subfield>
      </datafield>
      <datafield tag="OWN" ind1=" " ind2=" ">
         <subfield code="a">GENERAL</subfield>
      </datafield>
      <datafield tag="AVA" ind1=" " ind2=" ">
         <subfield code="a">NYU50</subfield>
         <subfield code="b">NISAW</subfield>
         <subfield code="c">Large Collection</subfield>
         <subfield code="d">TD311.A1 F765 2014 Non-circulating</subfield>
         <subfield code="e">available</subfield>
         <subfield code="t">Available</subfield>
         <subfield code="f">1</subfield>
         <subfield code="g">0</subfield>
         <subfield code="h">N</subfield>
         <subfield code="i">0</subfield>
         <subfield code="j">LARGE</subfield>
         <subfield code="k">0</subfield>
      </datafield>
      <marc:datafield tag="852" ind1=" " ind2=" ">
         <marc:subfield code="b">Institute for the Study of the Ancient World, </marc:subfield>
         <marc:subfield code="c">Large Collection</marc:subfield>
         <marc:subfield code="e">15 East 84th St., </marc:subfield>
         <marc:subfield code="e">New York, NY  10028</marc:subfield>
      </marc:datafield>
   </record>