
  
  
  
  
  
  
  
  
  
  
 
  
  <record xsi:schemaLocation="http://www.loc.gov/MARC21/slim http://www.loc.gov/standards/marcxml/schema/MARC21slim.xsd">
      <leader>00000nam a2200589Ii 4500</leader>
      <controlfield tag="FMT">BK</controlfield>
      <controlfield tag="LDR">00000nam a2200589Ii 4500</controlfield>
      <controlfield tag="001">004679393</controlfield>
      <controlfield tag="003">OCoLC</controlfield>
      <controlfield tag="005">20170228144634.0</controlfield>
      <controlfield tag="008">170228m20119999mp abe   b    000 0 mon d</controlfield>
      <datafield tag="020" ind1=" " ind2=" ">
         <subfield code="a">9788981640873</subfield>
         <subfield code="q">(vol. 1)</subfield>
      </datafield>
      <datafield tag="020" ind1=" " ind2=" ">
         <subfield code="a">8981640874</subfield>
         <subfield code="q">(vol. 1)</subfield>
      </datafield>
      <datafield tag="020" ind1=" " ind2=" ">
         <subfield code="a">9788981641290</subfield>
         <subfield code="q">(vol. 2)</subfield>
      </datafield>
      <datafield tag="020" ind1=" " ind2=" ">
         <subfield code="a">8981641293</subfield>
         <subfield code="q">(vol. 2)</subfield>
      </datafield>
      <datafield tag="035" ind1=" " ind2=" ">
         <subfield code="a">(OCoLC)973939479</subfield>
      </datafield>
      <datafield tag="040" ind1=" " ind2=" ">
         <subfield code="a">ZYU</subfield>
         <subfield code="b">eng</subfield>
         <subfield code="e">rda</subfield>
         <subfield code="c">ZYU</subfield>
      </datafield>
      <datafield tag="041" ind1="0" ind2=" ">
         <subfield code="a">mon</subfield>
         <subfield code="a">kor</subfield>
         <subfield code="b">eng</subfield>
      </datafield>
      <datafield tag="043" ind1=" " ind2=" ">
         <subfield code="a">a-mp---</subfield>
      </datafield>
      <datafield tag="050" ind1=" " ind2="4">
         <subfield code="a">DS798.9.B335</subfield>
         <subfield code="b">D88 2011</subfield>
      </datafield>
      <datafield tag="079" ind1=" " ind2=" ">
         <subfield code="a">(OCoLC)973939479</subfield>
      </datafield>
      <datafield tag="245" ind1="0" ind2="0">
         <subfield code="6">880-01</subfield>
         <subfield code="a">Duurlig narsny Khu̇nnu̇ bulsh.</subfield>
      </datafield>
      <datafield tag="246" ind1="1" ind2=" ">
         <subfield code="6">880-02</subfield>
         <subfield code="i">Added colophon title, volume 1:</subfield>
         <subfield code="a">Monggol Torŭrik Narŭsŭ Hyungno mudŏm</subfield>
      </datafield>
      <datafield tag="264" ind1=" " ind2="1">
         <subfield code="6">880-03</subfield>
         <subfield code="a">[Ulaanbaatar] :</subfield>
         <subfield code="b">Shinzhlėkh Ukhaany Akademiĭn Arkheologiĭn khu̇rėėn ;</subfield>
         <subfield code="b">Mongolyn U̇ndėsniĭ muzeĭ ;</subfield>
         <subfield code="b">Solongosyn U̇ndėsniĭ muzeĭ,</subfield>
         <subfield code="c">2011-&lt;2015&gt;</subfield>
      </datafield>
      <datafield tag="300" ind1=" " ind2=" ">
         <subfield code="a">volumes &lt;1-2&gt; :</subfield>
         <subfield code="b">illustrations (chiefly color), maps, plans ;</subfield>
         <subfield code="c">26 cm.</subfield>
      </datafield>
      <datafield tag="336" ind1=" " ind2=" ">
         <subfield code="a">text</subfield>
         <subfield code="b">txt</subfield>
         <subfield code="2">rdacontent</subfield>
      </datafield>
      <datafield tag="336" ind1=" " ind2=" ">
         <subfield code="a">still image</subfield>
         <subfield code="b">sti</subfield>
         <subfield code="2">rdacontent</subfield>
      </datafield>
      <datafield tag="337" ind1=" " ind2=" ">
         <subfield code="a">unmediated</subfield>
         <subfield code="b">n</subfield>
         <subfield code="2">rdamedia</subfield>
      </datafield>
      <datafield tag="338" ind1=" " ind2=" ">
         <subfield code="a">volume</subfield>
         <subfield code="b">nc</subfield>
         <subfield code="2">rdacarrier</subfield>
      </datafield>
      <datafield tag="490" ind1="1" ind2=" ">
         <subfield code="6">880-04</subfield>
         <subfield code="a">Mongol-Solongosyn khamtarsan arkheologiĭn sudalgaany taĭlan =</subfield>
         <subfield code="a">Research report on Korean-Mongolian joint expedition in Mongolia ;</subfield>
         <subfield code="v">5-&lt;6&gt;</subfield>
      </datafield>
      <datafield tag="504" ind1=" " ind2=" ">
         <subfield code="a">Includes bibliographical references.</subfield>
      </datafield>
      <datafield tag="520" ind1=" " ind2=" ">
         <subfield code="a">"The National Museum of Korea jointly carried out archaeological excavations on Xiongnu tombs at Duurlig Nars in Bayan Adarga sum Hentii aimag, Mongolia, with the National Museum of Mongolia, and the Mongolian Academy of Sciences Institute of Archaeology from 2006 to 2009. Duurlig Nars is located approximately 500 km away north-east from the capital city of Mongolia, Ulaanbaatar."--volume 1, page 262.</subfield>
      </datafield>
      <datafield tag="500" ind1=" " ind2=" ">
         <subfield code="a">The Duurlig Nars site is located at 48° 32' 18.456'' N, 111° 4' 39.1332'' E.</subfield>
      </datafield>
      <datafield tag="546" ind1=" " ind2=" ">
         <subfield code="a">Text chiefly in Mongolian (Cyrillic); some contributions in Korean; summary in English.</subfield>
      </datafield>
      <datafield tag="505" ind1="0" ind2="0">
         <subfield code="6">880-05</subfield>
         <subfield code="g">I.</subfield>
         <subfield code="t">[Without special title] /</subfield>
         <subfield code="r">Kim Chŏng-wan [and many others] --</subfield>
         <subfield code="g">II.</subfield>
         <subfield code="t">[Without special title] /</subfield>
         <subfield code="r">Ėrkhlėn niĭtlu̇u̇lsėn G. Ėrėgsėn, P. Aldarmȯnkh</subfield>
      </datafield>
      <datafield tag="650" ind1=" " ind2="0">
         <subfield code="a">Xiongnu (Asian people)</subfield>
         <subfield code="x">Material culture.</subfield>
      </datafield>
      <datafield tag="651" ind1=" " ind2="0">
         <subfield code="a">Bai͡an-Adarga Sum (Mongolia)</subfield>
         <subfield code="x">Antiquities.</subfield>
      </datafield>
      <datafield tag="650" ind1=" " ind2="0">
         <subfield code="a">Excavations (Archaeology)</subfield>
         <subfield code="z">Mongolia</subfield>
         <subfield code="z">Bai͡an-Adarga Sum.</subfield>
      </datafield>
      <datafield tag="650" ind1=" " ind2="0">
         <subfield code="a">Tombs</subfield>
         <subfield code="z">Mongolia</subfield>
         <subfield code="z">Bai͡an-Adarga Sum.</subfield>
      </datafield>
      <datafield tag="650" ind1=" " ind2="0">
         <subfield code="a">Xiongnu (Asian people)</subfield>
         <subfield code="x">Funeral customs and rites.</subfield>
      </datafield>
      <datafield tag="651" ind1=" " ind2="0">
         <subfield code="a">Duurlig Nars Site (Mongolia)</subfield>
      </datafield>
      <datafield tag="700" ind1="0" ind2=" ">
         <subfield code="a">Ėrėgzėn, G.</subfield>
         <subfield code="q">(Gėlėgdorzhiĭn),</subfield>
         <subfield code="d">1977-</subfield>
         <subfield code="e">editor.</subfield>
      </datafield>
      <datafield tag="700" ind1="0" ind2=" ">
         <subfield code="a">Aldarmȯnkh, P.,</subfield>
         <subfield code="e">editor.</subfield>
      </datafield>
      <datafield tag="700" ind1="1" ind2=" ">
         <subfield code="a">Kim, Chŏng-wan,</subfield>
         <subfield code="e">editor.</subfield>
      </datafield>
      <datafield tag="710" ind1="2" ind2=" ">
         <subfield code="a">Tu̇u̇kh, Arkheologiĭn Khu̇rėėlėn (Mongolyn Shinzhlėkh Ukhaany Akademi),</subfield>
         <subfield code="e">issuing body.</subfield>
      </datafield>
      <datafield tag="710" ind1="1" ind2=" ">
         <subfield code="a">Mongolia.</subfield>
         <subfield code="b">U̇ndėsniĭ Muzeĭ,</subfield>
         <subfield code="e">issuing body.</subfield>
      </datafield>
      <datafield tag="710" ind1="2" ind2=" ">
         <subfield code="a">Kungnip Chungang Pangmulgwan (Korea),</subfield>
         <subfield code="e">issuing body.</subfield>
      </datafield>
      <datafield tag="880" ind1="0" ind2="0">
         <subfield code="6">245-01/</subfield>
         <subfield code="a">Дуурлиг нарсны Хүннү булш.</subfield>
      </datafield>
      <datafield tag="880" ind1="1" ind2=" ">
         <subfield code="6">246-02/</subfield>
         <subfield code="i">Added colophon title, volume 1:</subfield>
         <subfield code="a">몽골 도르릭 나르스 흉노 무덤</subfield>
      </datafield>
      <datafield tag="880" ind1=" " ind2="1">
         <subfield code="6">264-03/</subfield>
         <subfield code="a">[Улаанбаатар] :</subfield>
         <subfield code="b">Шинжлэх Ухааны Академийн Археологийн хүрээн ;</subfield>
         <subfield code="b">Монголын Үндэсний музей ;</subfield>
         <subfield code="b">Солонгосын Үндэсний музей,</subfield>
         <subfield code="c">2011-&lt;2015&gt;</subfield>
      </datafield>
      <datafield tag="880" ind1="1" ind2=" ">
         <subfield code="6">490-04/</subfield>
         <subfield code="a">Монгол-Солонгосын хамтарсан археологийн судалгааны тайлан =</subfield>
         <subfield code="a">Research report on Korean-Mongolian joint expedition in Mongolia ;</subfield>
         <subfield code="v">5-&lt;6&gt;</subfield>
      </datafield>
      <datafield tag="880" ind1="0" ind2="0">
         <subfield code="6">505-05/</subfield>
         <subfield code="g">I.</subfield>
         <subfield code="t">[Without special title] /</subfield>
         <subfield code="r">김 정완 [and many others] --</subfield>
         <subfield code="g">II.</subfield>
         <subfield code="t">[Without special title] /</subfield>
         <subfield code="r">Эрхлэн нийтлүүлсэн Г. Эрэгсэн, П. Алдармөнх</subfield>
      </datafield>
      <datafield tag="830" ind1=" " ind2="0">
         <subfield code="a">Han-Mong kongdong haksul chosa pogo ;</subfield>
         <subfield code="v">5-6.</subfield>
      </datafield>
      <datafield tag="994" ind1=" " ind2=" ">
         <subfield code="a">Z0</subfield>
         <subfield code="b">ZYU</subfield>
      </datafield>
      <datafield tag="OWN" ind1=" " ind2=" ">
         <subfield code="a">GENERAL</subfield>
      </datafield>
      <datafield tag="AVA" ind1=" " ind2=" ">
         <subfield code="a">NYU50</subfield>
         <subfield code="b">NISAW</subfield>
         <subfield code="c">Small Collection</subfield>
         <subfield code="d">DS798.9.B335 D88 2011 Non-circulating</subfield>
         <subfield code="e">available</subfield>
         <subfield code="t">Available</subfield>
         <subfield code="f">2</subfield>
         <subfield code="g">0</subfield>
         <subfield code="h">Y</subfield>
         <subfield code="i">0</subfield>
         <subfield code="j">SMALL</subfield>
         <subfield code="k">0</subfield>
      </datafield>
      <marc:datafield tag="852" ind1=" " ind2=" ">
         <marc:subfield code="b">Institute for the Study of the Ancient World, </marc:subfield>
         <marc:subfield code="c">Small Collection</marc:subfield>
         <marc:subfield code="e">15 East 84th St., </marc:subfield>
         <marc:subfield code="e">New York, NY  10028</marc:subfield>
      </marc:datafield>
   </record>