
  
  
  
  
  
  
  
  
  
  
  
  
  
 
  
  <record xsi:schemaLocation="http://www.loc.gov/MARC21/slim http://www.loc.gov/standards/marcxml/schema/MARC21slim.xsd">
      <leader>00000cam a2200817 a 4500</leader>
      <controlfield tag="FMT">BK</controlfield>
      <controlfield tag="LDR">00000cam a2200817 a 4500</controlfield>
      <controlfield tag="001">002648140</controlfield>
      <controlfield tag="003">OCoLC</controlfield>
      <controlfield tag="005">20170217110838.0</controlfield>
      <controlfield tag="008">850725s1979    gw ab    b    011 0 eng</controlfield>
      <datafield tag="010" ind1=" " ind2=" ">
         <subfield code="a">84204018</subfield>
      </datafield>
      <datafield tag="015" ind1=" " ind2=" ">
         <subfield code="a">79,A47,0728</subfield>
         <subfield code="2">dnb</subfield>
      </datafield>
      <datafield tag="015" ind1=" " ind2=" ">
         <subfield code="a">79,N33,0175</subfield>
         <subfield code="2">dnb</subfield>
      </datafield>
      <datafield tag="016" ind1="7" ind2=" ">
         <subfield code="a">790806541</subfield>
         <subfield code="2">DE-101</subfield>
      </datafield>
      <datafield tag="020" ind1=" " ind2=" ">
         <subfield code="a">3788705604</subfield>
         <subfield code="q">(Neukirchener Verlag)</subfield>
      </datafield>
      <datafield tag="020" ind1=" " ind2=" ">
         <subfield code="a">9783788705602</subfield>
         <subfield code="q">(Neukirchener Verlag)</subfield>
      </datafield>
      <datafield tag="020" ind1=" " ind2=" ">
         <subfield code="a">3766690736</subfield>
      </datafield>
      <datafield tag="020" ind1=" " ind2=" ">
         <subfield code="a">9783766690739</subfield>
      </datafield>
      <datafield tag="035" ind1=" " ind2=" ">
         <subfield code="a">(OCoLC)12418505</subfield>
         <subfield code="z">(OCoLC)5875983</subfield>
         <subfield code="z">(OCoLC)10194846</subfield>
         <subfield code="z">(OCoLC)640835085</subfield>
      </datafield>
      <datafield tag="040" ind1=" " ind2=" ">
         <subfield code="a">DLC</subfield>
         <subfield code="b">eng</subfield>
         <subfield code="c">DLC</subfield>
         <subfield code="d">TSM</subfield>
         <subfield code="d">RBN</subfield>
         <subfield code="d">MUQ</subfield>
         <subfield code="d">NLGGC</subfield>
         <subfield code="d">BTCTA</subfield>
         <subfield code="d">OCLCG</subfield>
         <subfield code="d">GBVCP</subfield>
         <subfield code="d">HEBIS</subfield>
         <subfield code="d">EUM</subfield>
         <subfield code="d">OCLCO</subfield>
         <subfield code="d">OCLCF</subfield>
         <subfield code="d">DEBBG</subfield>
         <subfield code="d">OCLCQ</subfield>
         <subfield code="d">DEBSZ</subfield>
         <subfield code="d">SOI</subfield>
         <subfield code="d">OCLCQ</subfield>
         <subfield code="d">ZYU</subfield>
      </datafield>
      <datafield tag="041" ind1="0" ind2=" ">
         <subfield code="a">eng</subfield>
         <subfield code="a">sux</subfield>
         <subfield code="a">akk</subfield>
      </datafield>
      <datafield tag="043" ind1=" " ind2=" ">
         <subfield code="a">e-gr---</subfield>
         <subfield code="a">ff-----</subfield>
         <subfield code="a">e------</subfield>
         <subfield code="a">aw-----</subfield>
      </datafield>
      <datafield tag="050" ind1="0" ind2="0">
         <subfield code="a">D60</subfield>
         <subfield code="b">.S79 1979</subfield>
      </datafield>
      <datafield tag="079" ind1=" " ind2=" ">
         <subfield code="a">(OCoLC)12418505</subfield>
      </datafield>
      <datafield tag="082" ind1="0" ind2="0">
         <subfield code="a">930</subfield>
         <subfield code="2">19</subfield>
      </datafield>
      <datafield tag="084" ind1=" " ind2=" ">
         <subfield code="a">15.51</subfield>
         <subfield code="2">bcl</subfield>
      </datafield>
      <datafield tag="084" ind1=" " ind2=" ">
         <subfield code="a">14a</subfield>
         <subfield code="2">sdnb</subfield>
      </datafield>
      <datafield tag="084" ind1=" " ind2=" ">
         <subfield code="a">17.00</subfield>
         <subfield code="2">bcl</subfield>
      </datafield>
      <datafield tag="084" ind1=" " ind2=" ">
         <subfield code="a">18.73</subfield>
         <subfield code="2">bcl</subfield>
      </datafield>
      <datafield tag="084" ind1=" " ind2=" ">
         <subfield code="a">NK 8200</subfield>
         <subfield code="2">rvk</subfield>
      </datafield>
      <datafield tag="084" ind1=" " ind2=" ">
         <subfield code="a">BC 7525</subfield>
         <subfield code="2">rvk</subfield>
      </datafield>
      <datafield tag="090" ind1=" " ind2=" ">
         <subfield code="i">09/01/83 CT</subfield>
      </datafield>
      <datafield tag="245" ind1="0" ind2="0">
         <subfield code="a">Studies in honor of Tom B. Jones /</subfield>
         <subfield code="c">herausgegeben von Marvin A. Powell, Jr. und Ronald H. Sack.</subfield>
      </datafield>
      <datafield tag="260" ind1=" " ind2=" ">
         <subfield code="a">Kevelaer :</subfield>
         <subfield code="b">Butzon &amp; Bercker ;</subfield>
         <subfield code="a">Neukirchen-Vluyn :</subfield>
         <subfield code="b">Neukirchener Verlag,</subfield>
         <subfield code="c">1979.</subfield>
      </datafield>
      <datafield tag="300" ind1=" " ind2=" ">
         <subfield code="a">x, 371 pages :</subfield>
         <subfield code="b">illustrations, maps ;</subfield>
         <subfield code="c">22 cm.</subfield>
      </datafield>
      <datafield tag="336" ind1=" " ind2=" ">
         <subfield code="a">text</subfield>
         <subfield code="b">txt</subfield>
         <subfield code="2">rdacontent</subfield>
      </datafield>
      <datafield tag="337" ind1=" " ind2=" ">
         <subfield code="a">unmediated</subfield>
         <subfield code="b">n</subfield>
         <subfield code="2">rdamedia</subfield>
      </datafield>
      <datafield tag="338" ind1=" " ind2=" ">
         <subfield code="a">volume</subfield>
         <subfield code="b">nc</subfield>
         <subfield code="2">rdacarrier</subfield>
      </datafield>
      <datafield tag="490" ind1="1" ind2=" ">
         <subfield code="a">Alter Orient und Altes Testament ;</subfield>
         <subfield code="v">Bd. 203</subfield>
      </datafield>
      <datafield tag="504" ind1=" " ind2=" ">
         <subfield code="a">Includes bibliographical references (pages 347-352).</subfield>
      </datafield>
      <datafield tag="500" ind1=" " ind2=" ">
         <subfield code="a">Includes indexes.</subfield>
      </datafield>
      <datafield tag="505" ind1="0" ind2="0">
         <subfield code="g">Part one.</subfield>
         <subfield code="t">The ancient Near East.</subfield>
         <subfield code="t">Obiter dicta ad set /</subfield>
         <subfield code="r">W.W. Hallo --</subfield>
         <subfield code="t">A collection of recipes for dyeiing /</subfield>
         <subfield code="r">E.V. Leichty --</subfield>
         <subfield code="t">The phoneme /o/ in Sumerian /</subfield>
         <subfield code="r">S.J. Lieberman --</subfield>
         <subfield code="t">Royal epithets in economic texts from Ur /</subfield>
         <subfield code="r">D. Loding --</subfield>
         <subfield code="t">Inventory of pisan-dub-ba texts /</subfield>
         <subfield code="r">R.C. Nelson --</subfield>
         <subfield code="t">A thirteen month summary account from Ur /</subfield>
         <subfield code="r">D.I. Owen --</subfield>
         <subfield code="t">Ancient Mesopotamian weight metrology /</subfield>
         <subfield code="r">M.A. Powell --</subfield>
         <subfield code="t">Some notes on bookkeeping in Eanna /</subfield>
         <subfield code="r">R.H. Sack --</subfield>
         <subfield code="t">The calendar and festivals of Mari during the reign of Zimri-Lim /</subfield>
         <subfield code="r">J.M. Sasson --</subfield>
         <subfield code="t">Some observations on the sea peoples /</subfield>
         <subfield code="r">O.J. Schaden --</subfield>
         <subfield code="t">Three Neo-Babylonian trial depositions from Uruk /</subfield>
         <subfield code="r">I. Spar --</subfield>
         <subfield code="t">The seal impressions of the Tel Sifr documents /</subfield>
         <subfield code="r">R.D. Ward --</subfield>
         <subfield code="t">A merchant's balanced account and Neosumerian gold /</subfield>
         <subfield code="r">G.D. Young.</subfield>
         <subfield code="g">Part two.</subfield>
         <subfield code="t">Greece and rome.</subfield>
         <subfield code="t">Clement of Alexandria and the Gnostics /</subfield>
         <subfield code="r">A. Avraamides --</subfield>
         <subfield code="t">Gnaeus Manlius Vulso and the Middle Bloc during the second century B.C. /</subfield>
         <subfield code="r">N.W. Førde --</subfield>
         <subfield code="t">Peloponnesian naval strength and Sparta's plans for waging war against Athens in 431 B.C. /</subfield>
         <subfield code="r">T. Kelly --</subfield>
         <subfield code="t">Roman roads in North Africa /</subfield>
         <subfield code="r">P.A. Kildahl --</subfield>
         <subfield code="t">The Greek imperial coins of Pamphylia and evidence for the monetary crisis of the third century A.D. /</subfield>
         <subfield code="r">F. Lauritsen --</subfield>
         <subfield code="t">The vision of Constantine as literary motif /</subfield>
         <subfield code="r">D. MacDonald --</subfield>
         <subfield code="t">Commoners and kings /</subfield>
         <subfield code="r">W.A. McDonald --</subfield>
         <subfield code="t">Lucius Aelius Helvius Dionysius and the "office" of Corrector utriusque italiae /</subfield>
         <subfield code="r">F.H. Miller --</subfield>
         <subfield code="t">On the shaft graves at Mycenae /</subfield>
         <subfield code="r">J.D. Muhly --</subfield>
         <subfield code="t">Economic difficulties in Egypt at the beginning of Nero's reign /</subfield>
         <subfield code="r">J.F. Oates --</subfield>
         <subfield code="t">Parthia, China and Rome : perspectives along the great Silk Route /</subfield>
         <subfield code="r">R.A. Olson --</subfield>
         <subfield code="t">Tribunicia potestate : a study of the reign of Claudius Gothicus II /</subfield>
         <subfield code="r">E.A. Pond.</subfield>
      </datafield>
      <datafield tag="500" ind1=" " ind2=" ">
         <subfield code="a">ISAW copy is from the library of David I. Owen.</subfield>
         <subfield code="5">NyNyUAW</subfield>
      </datafield>
      <datafield tag="650" ind1=" " ind2="0">
         <subfield code="a">History, Ancient.</subfield>
      </datafield>
      <datafield tag="600" ind1="1" ind2="0">
         <subfield code="a">Jones, Tom B.</subfield>
         <subfield code="q">(Tom Bard),</subfield>
         <subfield code="d">1909-1999.</subfield>
      </datafield>
      <datafield tag="651" ind1=" " ind2="0">
         <subfield code="a">Greece</subfield>
         <subfield code="x">Civilization.</subfield>
      </datafield>
      <datafield tag="651" ind1=" " ind2="0">
         <subfield code="a">Rome</subfield>
         <subfield code="x">Civilization.</subfield>
      </datafield>
      <datafield tag="651" ind1=" " ind2="0">
         <subfield code="a">Middle East</subfield>
         <subfield code="x">Civilization.</subfield>
      </datafield>
      <datafield tag="600" ind1="1" ind2="7">
         <subfield code="a">Jones, Tom B.</subfield>
         <subfield code="q">(Tom Bard),</subfield>
         <subfield code="d">1909-1999.</subfield>
         <subfield code="2">fast</subfield>
         <subfield code="0">(OCoLC)fst01716632</subfield>
      </datafield>
      <datafield tag="650" ind1=" " ind2="7">
         <subfield code="a">History, Ancient.</subfield>
         <subfield code="2">fast</subfield>
         <subfield code="0">(OCoLC)fst00958352</subfield>
      </datafield>
      <datafield tag="700" ind1="1" ind2=" ">
         <subfield code="a">Jones, Tom B.</subfield>
         <subfield code="q">(Tom Bard),</subfield>
         <subfield code="d">1909-1999,</subfield>
         <subfield code="e">honoree.</subfield>
      </datafield>
      <datafield tag="700" ind1="1" ind2=" ">
         <subfield code="a">Powell, Marvin A.</subfield>
      </datafield>
      <datafield tag="700" ind1="1" ind2=" ">
         <subfield code="a">Sack, Ronald H.</subfield>
         <subfield code="q">(Ronald Herbert),</subfield>
         <subfield code="d">1943-</subfield>
      </datafield>
      <datafield tag="700" ind1="1" ind2=" ">
         <subfield code="a">Owen, David I.,</subfield>
         <subfield code="e">former owner.</subfield>
         <subfield code="5">NyNyUAW</subfield>
      </datafield>
      <datafield tag="740" ind1="0" ind2=" ">
         <subfield code="a">Owen Collection.</subfield>
         <subfield code="5">NyNyUAW</subfield>
      </datafield>
      <datafield tag="776" ind1="0" ind2="8">
         <subfield code="i">Online version:</subfield>
         <subfield code="t">Studies in honor of Tom B. Jones.</subfield>
         <subfield code="d">Kevelaer : Butzon &amp; Bercker ; Neukirchen-Vluyn : Neukirchener Verlag, 1979</subfield>
         <subfield code="w">(OCoLC)654378456</subfield>
      </datafield>
      <datafield tag="830" ind1=" " ind2="0">
         <subfield code="a">Alter Orient und Altes Testament ;</subfield>
         <subfield code="v">Bd. 203.</subfield>
      </datafield>
      <datafield tag="856" ind1="4" ind2="1">
         <subfield code="3">Table of contents</subfield>
         <subfield code="u">http://bvbr.bib-bvb.de:8991/F?func=service&amp;doc_library=BVB01&amp;local_base=BVB01&amp;doc_number=002312104&amp;line_number=0001&amp;func_code=DB_RECORDS&amp;service_type=MEDIA</subfield>
      </datafield>
      <datafield tag="856" ind1="4" ind2="1">
         <subfield code="3">Table of contents</subfield>
         <subfield code="u">http://swbplus.bsz-bw.de/bsz008253293inh.htm</subfield>
      </datafield>
      <datafield tag="OWN" ind1=" " ind2=" ">
         <subfield code="a">GENERAL</subfield>
      </datafield>
      <datafield tag="950" ind1=" " ind2=" ">
         <subfield code="l">FStack</subfield>
         <subfield code="a">DS62</subfield>
         <subfield code="b">.S89 1979</subfield>
         <subfield code="i">09/01/83 C</subfield>
      </datafield>
      <datafield tag="AVA" ind1=" " ind2=" ">
         <subfield code="a">NYU50</subfield>
         <subfield code="b">BOBST</subfield>
         <subfield code="c">Main Collection</subfield>
         <subfield code="d">DS62 .S89 1979</subfield>
         <subfield code="e">unavailable</subfield>
         <subfield code="t">Unavailable</subfield>
         <subfield code="f">1</subfield>
         <subfield code="g">1</subfield>
         <subfield code="h">N</subfield>
         <subfield code="i">4</subfield>
         <subfield code="j">MAIN</subfield>
         <subfield code="k">0</subfield>
      </datafield>
      <datafield tag="AVA" ind1=" " ind2=" ">
         <subfield code="a">NYU50</subfield>
         <subfield code="b">NIFA</subfield>
         <subfield code="c">Main Collection</subfield>
         <subfield code="d">DS62 .S89 1979 Non-circulating</subfield>
         <subfield code="e">unavailable</subfield>
         <subfield code="t">Unavailable</subfield>
         <subfield code="f">1</subfield>
         <subfield code="g">1</subfield>
         <subfield code="h">N</subfield>
         <subfield code="i">0</subfield>
         <subfield code="j">MAIN</subfield>
         <subfield code="k">0</subfield>
      </datafield>
      <datafield tag="AVA" ind1=" " ind2=" ">
         <subfield code="a">NYU50</subfield>
         <subfield code="b">NISAW</subfield>
         <subfield code="c">Small Collection</subfield>
         <subfield code="d">D60 .S79 1979 Non-circulating</subfield>
         <subfield code="e">available</subfield>
         <subfield code="t">Available</subfield>
         <subfield code="f">1</subfield>
         <subfield code="g">0</subfield>
         <subfield code="h">N</subfield>
         <subfield code="i">0</subfield>
         <subfield code="j">SMALL</subfield>
      </datafield>
      <marc:datafield tag="852" ind1=" " ind2=" ">
         <marc:subfield code="b">Institute for the Study of the Ancient World, </marc:subfield>
         <marc:subfield code="c">Small Collection</marc:subfield>
         <marc:subfield code="e">15 East 84th St., </marc:subfield>
         <marc:subfield code="e">New York, NY  10028</marc:subfield>
      </marc:datafield>
   </record>