
  
  
  
  
  
  
  
  
  
 
  
  <record xsi:schemaLocation="http://www.loc.gov/MARC21/slim http://www.loc.gov/standards/marcxml/schema/MARC21slim.xsd">
      <leader>00000cam a2200577 a 4500</leader>
      <controlfield tag="FMT">BK</controlfield>
      <controlfield tag="LDR">00000cam a2200577 a 4500</controlfield>
      <controlfield tag="001">004721588</controlfield>
      <controlfield tag="003">OCoLC</controlfield>
      <controlfield tag="005">20170317083216.0</controlfield>
      <controlfield tag="008">860724s1984    gw af    b    011 0 ger</controlfield>
      <datafield tag="010" ind1=" " ind2=" ">
         <subfield code="a">85239645</subfield>
      </datafield>
      <datafield tag="015" ind1=" " ind2=" ">
         <subfield code="a">85,B08,0899</subfield>
         <subfield code="2">dnb</subfield>
      </datafield>
      <datafield tag="016" ind1="7" ind2=" ">
         <subfield code="a">850298792</subfield>
         <subfield code="2">DE-101</subfield>
      </datafield>
      <datafield tag="020" ind1=" " ind2=" ">
         <subfield code="a">3924151016</subfield>
      </datafield>
      <datafield tag="020" ind1=" " ind2=" ">
         <subfield code="a">9783924151010</subfield>
      </datafield>
      <datafield tag="035" ind1=" " ind2=" ">
         <subfield code="a">(OCoLC)14127915</subfield>
      </datafield>
      <datafield tag="040" ind1=" " ind2=" ">
         <subfield code="a">DLC</subfield>
         <subfield code="b">eng</subfield>
         <subfield code="c">DLC</subfield>
         <subfield code="d">STF</subfield>
         <subfield code="d">GBVCP</subfield>
         <subfield code="d">OCLCO</subfield>
         <subfield code="d">OCLCQ</subfield>
         <subfield code="d">OCLCF</subfield>
         <subfield code="d">OCLCQ</subfield>
         <subfield code="d">MEAUC</subfield>
         <subfield code="d">ZYU</subfield>
      </datafield>
      <datafield tag="041" ind1="0" ind2=" ">
         <subfield code="a">ger</subfield>
         <subfield code="a">eng</subfield>
         <subfield code="a">fre</subfield>
         <subfield code="a">ita</subfield>
         <subfield code="a">egy</subfield>
      </datafield>
      <datafield tag="043" ind1=" " ind2=" ">
         <subfield code="a">f-ua---</subfield>
      </datafield>
      <datafield tag="050" ind1="0" ind2="4">
         <subfield code="a">PJ1805</subfield>
         <subfield code="b">.G7 1984</subfield>
      </datafield>
      <datafield tag="079" ind1=" " ind2=" ">
         <subfield code="a">(OCoLC)14127915</subfield>
      </datafield>
      <datafield tag="082" ind1="0" ind2=" ">
         <subfield code="a">493/.1</subfield>
         <subfield code="2">19</subfield>
      </datafield>
      <datafield tag="084" ind1=" " ind2=" ">
         <subfield code="a">17.00</subfield>
         <subfield code="2">bcl</subfield>
      </datafield>
      <datafield tag="084" ind1=" " ind2=" ">
         <subfield code="a">17.71</subfield>
         <subfield code="2">bcl</subfield>
      </datafield>
      <datafield tag="084" ind1=" " ind2=" ">
         <subfield code="a">18.72</subfield>
         <subfield code="2">bcl</subfield>
      </datafield>
      <datafield tag="084" ind1=" " ind2=" ">
         <subfield code="a">63</subfield>
         <subfield code="a">09</subfield>
         <subfield code="a">58</subfield>
         <subfield code="2">sdnb</subfield>
      </datafield>
      <datafield tag="245" ind1="0" ind2="0">
         <subfield code="a">Grammata demotika :</subfield>
         <subfield code="b">Festschrift für Erich Lüddeckens zum 15. Juni 1983 /</subfield>
         <subfield code="c">herausgegeben von Heinz-J. Thissen und Karl-Th. Zauzich.</subfield>
      </datafield>
      <datafield tag="260" ind1=" " ind2=" ">
         <subfield code="a">Würzburg :</subfield>
         <subfield code="b">Zauzich,</subfield>
         <subfield code="c">1984.</subfield>
      </datafield>
      <datafield tag="300" ind1=" " ind2=" ">
         <subfield code="a">ix, 298 pages, 38 pages of plates :</subfield>
         <subfield code="b">illustrations ;</subfield>
         <subfield code="c">30 cm</subfield>
      </datafield>
      <datafield tag="336" ind1=" " ind2=" ">
         <subfield code="a">text</subfield>
         <subfield code="b">txt</subfield>
         <subfield code="2">rdacontent</subfield>
      </datafield>
      <datafield tag="337" ind1=" " ind2=" ">
         <subfield code="a">unmediated</subfield>
         <subfield code="b">n</subfield>
         <subfield code="2">rdamedia</subfield>
      </datafield>
      <datafield tag="338" ind1=" " ind2=" ">
         <subfield code="a">volume</subfield>
         <subfield code="b">nc</subfield>
         <subfield code="2">rdacarrier</subfield>
      </datafield>
      <datafield tag="504" ind1=" " ind2=" ">
         <subfield code="a">Bibliography of E. Lüddeckens' works: pages 283-287.</subfield>
      </datafield>
      <datafield tag="500" ind1=" " ind2=" ">
         <subfield code="a">Includes indexes.</subfield>
      </datafield>
      <datafield tag="546" ind1=" " ind2=" ">
         <subfield code="a">Contributions in English, French, German, and Italian; contains texts in romanized Egyptian.</subfield>
      </datafield>
      <datafield tag="505" ind1="0" ind2="0">
         <subfield code="t">Testi lessicali demotici inediti da Tebtuni presso l'Istituto Papirologico G. Vitelli di Firenze /</subfield>
         <subfield code="r">Edda Bresciani --</subfield>
         <subfield code="t">Ein demotischer Ehevertrag aus der Sammlung der Staats- und Universitätsbibliothek Hamburg /</subfield>
         <subfield code="r">Wolfgang Brunsch --</subfield>
         <subfield code="t">Fragments de lettres administratives du Fonds Jouget /</subfield>
         <subfield code="r">Françoise de Cenival --</subfield>
         <subfield code="t">Theban Personal Names and the Cult of Bouchis /</subfield>
         <subfield code="r">W. Clarysse --</subfield>
         <subfield code="t">A Look at Two Early Divorce Documents /</subfield>
         <subfield code="r">Eugene Cruz-Uribe --</subfield>
         <subfield code="t">Remarques sur les méthodes d'enseignement du démotique /</subfield>
         <subfield code="r">Didier Devauchelle --</subfield>
         <subfield code="t">Theorie und Praxis im ptolemäischen Eherecht /</subfield>
         <subfield code="r">Stefan Grunert --</subfield>
         <subfield code="t">Zum Brooklyner Orakelpapyrus /</subfield>
         <subfield code="r">Wolfgang Helck --</subfield>
         <subfield code="t">The So-Called Pherendates Correspondence /</subfield>
         <subfield code="r">George R. Huges --</subfield>
         <subfield code="t">Demotic Graffiti from Western Thebes /</subfield>
         <subfield code="r">Richard Jasnow --</subfield>
         <subfield code="t">Is the Demotic Chronicle an Anti-Greek Tract? /</subfield>
         <subfield code="r">Janet Johnson --</subfield>
         <subfield code="t">Demotic Proverbs /</subfield>
         <subfield code="r">Miriam Lichtheim --</subfield>
         <subfield code="t">A Horoscopic Text in Triplicate /</subfield>
         <subfield code="r">Richard A. Parker --</subfield>
         <subfield code="t">The Diospolis Parva Documents: Chronological Problems concerning Psammetichus III and IV /</subfield>
         <subfield code="r">P.W. Pestman --</subfield>
         <subfield code="t">Le terme ṯnf(j) "danseur" en démotique /</subfield>
         <subfield code="r">Jan Quaegebeur --</subfield>
         <subfield code="t">A Property Transfer from the Erbstreit Archives /</subfield>
         <subfield code="r">Robert K. Ritner --</subfield>
         <subfield code="t">Das private Verbot eines Baues nach dem Rechtsbuch von Hermopolis /</subfield>
         <subfield code="r">Erwin Seidl --</subfield>
         <subfield code="t">On some orthographies of the verbs M3, "see", and mn, "endure", in demotic and other Egyptian texts /</subfield>
         <subfield code="r">Mark Smith --</subfield>
         <subfield code="t">A Demotic List of Temple and Court Occupations: P. Carlsberg 23 /</subfield>
         <subfield code="r">John Tait --</subfield>
         <subfield code="t">Der demotische Ammenvertrag aus Tebtynis /</subfield>
         <subfield code="r">Heinz-Josef Thissen --</subfield>
         <subfield code="t">Ein Zauberspruch gegen Skorpione im Wadi Hammamat /</subfield>
         <subfield code="r">Günther Vittman --</subfield>
         <subfield code="t">P. Meermanno-Westreenianum 44 /</subfield>
         <subfield code="r">Sven P. Vleeming --</subfield>
         <subfield code="t">Ein demotischer Denkstein aus Denderah /</subfield>
         <subfield code="r">Karl-Th. Zauzich --</subfield>
         <subfield code="t">Bibliographie Erich Lüddeckens /</subfield>
         <subfield code="r">Hilde Lüddeckens.</subfield>
      </datafield>
      <datafield tag="650" ind1=" " ind2="0">
         <subfield code="a">Egyptian language</subfield>
         <subfield code="v">Papyri, Demotic.</subfield>
      </datafield>
      <datafield tag="650" ind1=" " ind2="0">
         <subfield code="a">Egyptian language</subfield>
         <subfield code="y">Demotic, ca. 650 B.C.-450 A.D.</subfield>
      </datafield>
      <datafield tag="650" ind1=" " ind2="0">
         <subfield code="a">Egyptian language</subfield>
         <subfield code="x">Writing, Demotic.</subfield>
      </datafield>
      <datafield tag="651" ind1=" " ind2="7">
         <subfield code="a">Aegyptus.</subfield>
         <subfield code="2">pleiades</subfield>
         <subfield code="0">https://pleiades.stoa.org/places/981503</subfield>
         <subfield code="5">NyNyUAW</subfield>
      </datafield>
      <datafield tag="653" ind1=" " ind2="0">
         <subfield code="a">Altertum / Schrift, Buch, Presse.</subfield>
      </datafield>
      <datafield tag="653" ind1=" " ind2="0">
         <subfield code="a">Ägypten / U.a. Schrift.</subfield>
      </datafield>
      <datafield tag="653" ind1=" " ind2="0">
         <subfield code="a">Demotische Schrift.</subfield>
      </datafield>
      <datafield tag="653" ind1=" " ind2="0">
         <subfield code="a">Festschrift -&gt; Lüddeckens, E.</subfield>
      </datafield>
      <datafield tag="653" ind1=" " ind2="0">
         <subfield code="a">Lüddeckens, Erich.</subfield>
      </datafield>
      <datafield tag="700" ind1="1" ind2=" ">
         <subfield code="a">Lüddeckens, Erich,</subfield>
         <subfield code="e">honoree.</subfield>
      </datafield>
      <datafield tag="700" ind1="1" ind2=" ">
         <subfield code="a">Thissen, Heinz-Josef.</subfield>
      </datafield>
      <datafield tag="700" ind1="1" ind2=" ">
         <subfield code="a">Zauzich, Karl-Theodor.</subfield>
      </datafield>
      <datafield tag="776" ind1="0" ind2="8">
         <subfield code="i">Online version:</subfield>
         <subfield code="t">Grammata demotika.</subfield>
         <subfield code="d">Würzburg : Zauzich, 1984</subfield>
         <subfield code="w">(OCoLC)664428133</subfield>
      </datafield>
      <datafield tag="994" ind1=" " ind2=" ">
         <subfield code="a">Z0</subfield>
         <subfield code="b">ZYU</subfield>
      </datafield>
      <datafield tag="OWN" ind1=" " ind2=" ">
         <subfield code="a">GENERAL</subfield>
      </datafield>
      <datafield tag="AVA" ind1=" " ind2=" ">
         <subfield code="a">NYU50</subfield>
         <subfield code="b">NISAW</subfield>
         <subfield code="c">Large Collection</subfield>
         <subfield code="d">PJ1805 .G7 1984 Non-circulating</subfield>
         <subfield code="e">available</subfield>
         <subfield code="t">Available</subfield>
         <subfield code="f">1</subfield>
         <subfield code="g">0</subfield>
         <subfield code="h">N</subfield>
         <subfield code="i">0</subfield>
         <subfield code="j">LARGE</subfield>
         <subfield code="k">0</subfield>
      </datafield>
      <marc:datafield tag="852" ind1=" " ind2=" ">
         <marc:subfield code="b">Institute for the Study of the Ancient World, </marc:subfield>
         <marc:subfield code="c">Large Collection</marc:subfield>
         <marc:subfield code="e">15 East 84th St., </marc:subfield>
         <marc:subfield code="e">New York, NY  10028</marc:subfield>
      </marc:datafield>
   </record>