
  
  
  
  
  
  
  
  
  
  
 
  
  <record xsi:schemaLocation="http://www.loc.gov/MARC21/slim http://www.loc.gov/standards/marcxml/schema/MARC21slim.xsd">
      <leader>00000cam a2200589Mi 4500</leader>
      <controlfield tag="FMT">BK</controlfield>
      <controlfield tag="LDR">00000cam a2200589Mi 4500</controlfield>
      <controlfield tag="001">004722146</controlfield>
      <controlfield tag="003">OCoLC</controlfield>
      <controlfield tag="005">20170223142033.0</controlfield>
      <controlfield tag="008">170223t20172017enka     b    001 0 eng d</controlfield>
      <datafield tag="010" ind1=" " ind2=" ">
         <subfield code="a">2015047010</subfield>
      </datafield>
      <datafield tag="020" ind1=" " ind2=" ">
         <subfield code="a">9781472474995</subfield>
         <subfield code="q">(hardcover ;</subfield>
         <subfield code="q">alk. paper)</subfield>
      </datafield>
      <datafield tag="020" ind1=" " ind2=" ">
         <subfield code="a">1472474996</subfield>
         <subfield code="q">(hardcover ;</subfield>
         <subfield code="q">alk. paper)</subfield>
      </datafield>
      <datafield tag="035" ind1=" " ind2=" ">
         <subfield code="a">(OCoLC)961475114</subfield>
      </datafield>
      <datafield tag="040" ind1=" " ind2=" ">
         <subfield code="a">EYM</subfield>
         <subfield code="b">eng</subfield>
         <subfield code="e">rda</subfield>
         <subfield code="c">EYM</subfield>
         <subfield code="d">OCLCO</subfield>
         <subfield code="d">CHVBK</subfield>
         <subfield code="d">OCLCO</subfield>
         <subfield code="d">ZYU</subfield>
      </datafield>
      <datafield tag="043" ind1=" " ind2=" ">
         <subfield code="a">e-gr---</subfield>
      </datafield>
      <datafield tag="050" ind1="0" ind2="0">
         <subfield code="a">DF221.C8</subfield>
         <subfield code="b">C755 2017</subfield>
      </datafield>
      <datafield tag="079" ind1=" " ind2=" ">
         <subfield code="a">(OCoLC)961475114</subfield>
      </datafield>
      <datafield tag="082" ind1="0" ind2="0">
         <subfield code="a">939/.1801</subfield>
         <subfield code="2">23</subfield>
      </datafield>
      <datafield tag="245" ind1="0" ind2="0">
         <subfield code="a">Cretomania :</subfield>
         <subfield code="b">modern desires for the Minoan past /</subfield>
         <subfield code="c">edited by Nicoletta Momigliano and Alexandre Farnoux.</subfield>
      </datafield>
      <datafield tag="264" ind1=" " ind2="1">
         <subfield code="a">London ;</subfield>
         <subfield code="a">New York :</subfield>
         <subfield code="b">Routledge, Taylor &amp; Francis Group,</subfield>
         <subfield code="c">2017.</subfield>
      </datafield>
      <datafield tag="264" ind1=" " ind2="4">
         <subfield code="c">©2017</subfield>
      </datafield>
      <datafield tag="300" ind1=" " ind2=" ">
         <subfield code="a">xvi, 215 pages :</subfield>
         <subfield code="b">illustrations (some color) ;</subfield>
         <subfield code="c">24 cm.</subfield>
      </datafield>
      <datafield tag="336" ind1=" " ind2=" ">
         <subfield code="a">text</subfield>
         <subfield code="b">txt</subfield>
         <subfield code="2">rdacontent</subfield>
      </datafield>
      <datafield tag="336" ind1=" " ind2=" ">
         <subfield code="a">still image</subfield>
         <subfield code="b">sti</subfield>
         <subfield code="2">rdacontent</subfield>
      </datafield>
      <datafield tag="337" ind1=" " ind2=" ">
         <subfield code="a">unmediated</subfield>
         <subfield code="b">n</subfield>
         <subfield code="2">rdamedia</subfield>
      </datafield>
      <datafield tag="338" ind1=" " ind2=" ">
         <subfield code="a">volume</subfield>
         <subfield code="b">nc</subfield>
         <subfield code="2">rdacarrier</subfield>
      </datafield>
      <datafield tag="490" ind1="0" ind2=" ">
         <subfield code="a">British School at Athens- Modern Greek and Byzantine Studies ;</subfield>
         <subfield code="v">volume 3</subfield>
      </datafield>
      <datafield tag="504" ind1=" " ind2=" ">
         <subfield code="a">Includes bibliographical references and index.</subfield>
      </datafield>
      <datafield tag="505" ind1="0" ind2="0">
         <subfield code="g">Introduction:</subfield>
         <subfield code="t">Cretomania : desiring the Minoan past in the present /</subfield>
         <subfield code="r">Nicoletta Momigliano --</subfield>
         <subfield code="g">Part I.</subfield>
         <subfield code="t">Cretomania and the built environment : conscious, unconscious and coincidental allusions in modern architecture and reconstructions.</subfield>
         <subfield code="t">Orthochronicity and its (dis)contents : Cretomania and Frank Lloyd Wright /</subfield>
         <subfield code="r">Donald Preziosi --</subfield>
         <subfield code="t">Identity and freedom : some observations on Minoan and contemporary Greek architecture /</subfield>
         <subfield code="r">Dimitris Philippides and Odysseas Sgouros --</subfield>
         <subfield code="t">The artistic reception of Minoan Crete in the period of Art Deco : the reconstruction of the palace at Knossos... and why Arthur Evans was right /</subfield>
         <subfield code="r">Fritz Blakolmer.</subfield>
         <subfield code="g">Part II.</subfield>
         <subfield code="t">Cretomania in the visual and performing arts, and other cultural practices.</subfield>
         <subfield code="t">The Minoan woman as the oriental woman : Mariano Fortuny's Knossos scarves and Ruth St. Denis /</subfield>
         <subfield code="r">Ilaria Caloi --</subfield>
         <subfield code="t">From Russia with love : Minoan Crete and the Russian silver age /</subfield>
         <subfield code="r">Nicoletta Momigliano --</subfield>
         <subfield code="t">Lord of the dance : Ted Shawn's Gnossienne and its Minoan context /</subfield>
         <subfield code="r">Christine Morris --</subfield>
         <subfield code="t">The ocean liner Aramis : a voyage to the land of Minos and Art Deco /</subfield>
         <subfield code="r">Anaïs Boucher --</subfield>
         <subfield code="t">Cretomania and neo-Paganism : the great Mother Goddess and gay male identity in the Minoan brotherhood /</subfield>
         <subfield code="r">Bryan E. Burns.</subfield>
         <subfield code="g">Part III.</subfield>
         <subfield code="t">Cretomania in literature : dialogues with Rhea Galanaki.</subfield>
         <subfield code="t">Minoans and the postmodern critique of national history : two novels by Rhea Galanaki /</subfield>
         <subfield code="r">Roderick Beaton --</subfield>
         <subfield code="t">Rhea Galanaki's The century of the labyrinths : a dialogue between literature and archaeology that starts with Minos Kalokairinos /</subfield>
         <subfield code="r">Katerina Kopaka --</subfield>
         <subfield code="t">Growing up next door to Knossos and "the other Ariadne" /</subfield>
         <subfield code="r">Rhea Galanaki.</subfield>
         <subfield code="g">Afterword.</subfield>
         <subfield code="t">Afterthoughts /</subfield>
         <subfield code="r">Michael Fotiadis --</subfield>
         <subfield code="t">List of participants and abstracts.</subfield>
      </datafield>
      <datafield tag="520" ind1="2" ind2=" ">
         <subfield code="a">"Since its rediscovery in the early 20th century, through spectacular finds such as those by Sir Arthur Evans at Knossos, Minoan Crete has captured the imagination not only of archaeologists but also of a wider public. This is shown, among other things, by its appearance and uses in a variety of modern cultural practices: from the innovative dances of Sergei Diaghilev and Ted Shawn, to public and vernacular architecture, psychoanalysis, literature, sculpture, fashion designs, and even neo-pagan movements, to mention a few examples. Cretomania is the first volume entirely devoted to such modern responses to (and uses of) the Minoan past. Although not an exhaustive and systematic study of the reception of Minoan Crete, it offers a wide range of intriguing examples and represents an original contribution to an under-explored aspect of Minoan studies so far: the remarkable effects of Minoan Crete beyond the narrow boundaries of recondite archaeological research"--Provided by publisher.</subfield>
      </datafield>
      <datafield tag="650" ind1=" " ind2="0">
         <subfield code="a">Minoans</subfield>
         <subfield code="z">Greece</subfield>
         <subfield code="z">Crete.</subfield>
      </datafield>
      <datafield tag="650" ind1=" " ind2="0">
         <subfield code="a">Civilization, Modern</subfield>
         <subfield code="y">20th century.</subfield>
      </datafield>
      <datafield tag="650" ind1=" " ind2="0">
         <subfield code="a">Civilization, Modern</subfield>
         <subfield code="y">21st century.</subfield>
      </datafield>
      <datafield tag="650" ind1=" " ind2="0">
         <subfield code="a">Arts, Modern</subfield>
         <subfield code="y">20th century.</subfield>
      </datafield>
      <datafield tag="650" ind1=" " ind2="0">
         <subfield code="a">Arts, Modern</subfield>
         <subfield code="y">21st century.</subfield>
      </datafield>
      <datafield tag="650" ind1=" " ind2="0">
         <subfield code="a">Civilization, Modern</subfield>
         <subfield code="x">Greek influences.</subfield>
      </datafield>
      <datafield tag="651" ind1=" " ind2="0">
         <subfield code="a">Crete (Greece)</subfield>
         <subfield code="x">Civilization.</subfield>
      </datafield>
      <datafield tag="651" ind1=" " ind2="0">
         <subfield code="a">Crete (Greece)</subfield>
         <subfield code="x">Antiquities.</subfield>
      </datafield>
      <datafield tag="650" ind1=" " ind2="7">
         <subfield code="a">Antike</subfield>
         <subfield code="g">Motiv.</subfield>
         <subfield code="2">gnd</subfield>
      </datafield>
      <datafield tag="650" ind1=" " ind2="7">
         <subfield code="a">Architektur.</subfield>
         <subfield code="2">gnd</subfield>
      </datafield>
      <datafield tag="650" ind1=" " ind2="7">
         <subfield code="a">Darstellende Kunst.</subfield>
         <subfield code="2">gnd</subfield>
      </datafield>
      <datafield tag="650" ind1=" " ind2="7">
         <subfield code="a">Künste.</subfield>
         <subfield code="2">gnd</subfield>
      </datafield>
      <datafield tag="650" ind1=" " ind2="7">
         <subfield code="a">Kultur.</subfield>
         <subfield code="2">gnd</subfield>
      </datafield>
      <datafield tag="650" ind1=" " ind2="7">
         <subfield code="a">Literatur.</subfield>
         <subfield code="2">gnd</subfield>
      </datafield>
      <datafield tag="650" ind1=" " ind2="7">
         <subfield code="a">Minoische Kultur.</subfield>
         <subfield code="2">gnd</subfield>
      </datafield>
      <datafield tag="650" ind1=" " ind2="7">
         <subfield code="a">Rezeption.</subfield>
         <subfield code="2">gnd</subfield>
      </datafield>
      <datafield tag="648" ind1=" " ind2="7">
         <subfield code="a">1900-2099.</subfield>
         <subfield code="2">fast</subfield>
      </datafield>
      <datafield tag="700" ind1="1" ind2=" ">
         <subfield code="a">Momigliano, Nicoletta,</subfield>
         <subfield code="e">editor.</subfield>
      </datafield>
      <datafield tag="700" ind1="1" ind2=" ">
         <subfield code="a">Farnoux, Alexandre,</subfield>
         <subfield code="e">editor.</subfield>
      </datafield>
      <datafield tag="994" ind1=" " ind2=" ">
         <subfield code="a">Z0</subfield>
         <subfield code="b">ZYU</subfield>
      </datafield>
      <datafield tag="OWN" ind1=" " ind2=" ">
         <subfield code="a">GENERAL</subfield>
      </datafield>
      <datafield tag="AVA" ind1=" " ind2=" ">
         <subfield code="a">NYU50</subfield>
         <subfield code="b">NISAW</subfield>
         <subfield code="c">Small Collection</subfield>
         <subfield code="d">DF221.C8 C755 2017 Non-circulating</subfield>
         <subfield code="e">available</subfield>
         <subfield code="t">Available</subfield>
         <subfield code="f">1</subfield>
         <subfield code="g">0</subfield>
         <subfield code="h">N</subfield>
         <subfield code="i">0</subfield>
         <subfield code="j">SMALL</subfield>
         <subfield code="k">0</subfield>
      </datafield>
      <marc:datafield tag="852" ind1=" " ind2=" ">
         <marc:subfield code="b">Institute for the Study of the Ancient World, </marc:subfield>
         <marc:subfield code="c">Small Collection</marc:subfield>
         <marc:subfield code="e">15 East 84th St., </marc:subfield>
         <marc:subfield code="e">New York, NY  10028</marc:subfield>
      </marc:datafield>
   </record>