
  
  
  
  
  
  
 
  
  <record xsi:schemaLocation="http://www.loc.gov/MARC21/slim http://www.loc.gov/standards/marcxml/schema/MARC21slim.xsd">
      <leader>00000cam a2200733 i 4500</leader>
      <controlfield tag="FMT">BK</controlfield>
      <controlfield tag="LDR">00000cam a2200733 i 4500</controlfield>
      <controlfield tag="001">003925874</controlfield>
      <controlfield tag="003">OCoLC</controlfield>
      <controlfield tag="005">20170313103149.0</controlfield>
      <controlfield tag="008">130221t20122012ua abe   b    101 0 fre d</controlfield>
      <datafield tag="016" ind1="7" ind2=" ">
         <subfield code="a">101614225</subfield>
         <subfield code="2">DNLM</subfield>
      </datafield>
      <datafield tag="020" ind1=" " ind2=" ">
         <subfield code="a">9782111286153</subfield>
      </datafield>
      <datafield tag="020" ind1=" " ind2=" ">
         <subfield code="a">211128615X</subfield>
      </datafield>
      <datafield tag="035" ind1="7" ind2=" ">
         <subfield code="a">leil59456</subfield>
      </datafield>
      <datafield tag="035" ind1=" " ind2=" ">
         <subfield code="a">(OCoLC)828136750</subfield>
      </datafield>
      <datafield tag="040" ind1=" " ind2=" ">
         <subfield code="a">QGK</subfield>
         <subfield code="b">eng</subfield>
         <subfield code="c">QGK</subfield>
         <subfield code="d">QGK</subfield>
         <subfield code="d">TZT</subfield>
         <subfield code="d">CGU</subfield>
         <subfield code="d">CDX</subfield>
         <subfield code="d">OCLCA</subfield>
         <subfield code="d">OCLCQ</subfield>
         <subfield code="d">NLM</subfield>
         <subfield code="d">NNU</subfield>
      </datafield>
      <datafield tag="041" ind1="0" ind2=" ">
         <subfield code="a">fre</subfield>
         <subfield code="a">eng</subfield>
         <subfield code="b">fre</subfield>
         <subfield code="b">eng</subfield>
         <subfield code="b">ara</subfield>
      </datafield>
      <datafield tag="043" ind1=" " ind2=" ">
         <subfield code="a">e-gr---</subfield>
         <subfield code="a">f-ua---</subfield>
         <subfield code="a">mm-----</subfield>
      </datafield>
      <datafield tag="050" ind1=" " ind2="4">
         <subfield code="a">DF101</subfield>
         <subfield code="b">.E532 2012</subfield>
      </datafield>
      <datafield tag="060" ind1="0" ind2="0">
         <subfield code="a">2013 G-695</subfield>
      </datafield>
      <datafield tag="060" ind1="1" ind2="0">
         <subfield code="a">WA 11 HE3</subfield>
      </datafield>
      <datafield tag="082" ind1="1" ind2="4">
         <subfield code="a">938</subfield>
      </datafield>
      <datafield tag="245" ind1="0" ind2="2">
         <subfield code="a">L'enfant et la mort dans l'Antiquité.</subfield>
         <subfield code="n">II,</subfield>
         <subfield code="p">Types de tombes et traitement du corps des enfants dans l'antiquité gréco-romaine :</subfield>
         <subfield code="b">actes de la table ronde internationale organisée à Alexandrie, Centre d'études alexandrines, 12-14 novembre 2009 /</subfield>
         <subfield code="c">édité par Marie-Dominique Nenna.</subfield>
      </datafield>
      <datafield tag="246" ind1="3" ind2="0">
         <subfield code="a">Types de tombes et traitement du corps des enfants dans l'antiquité gréco-romaine</subfield>
      </datafield>
      <datafield tag="264" ind1=" " ind2="1">
         <subfield code="a">Alexandrie :</subfield>
         <subfield code="b">Centre d'études alexandrines,</subfield>
         <subfield code="c">[2012]</subfield>
      </datafield>
      <datafield tag="264" ind1=" " ind2="4">
         <subfield code="c">©2012</subfield>
      </datafield>
      <datafield tag="300" ind1=" " ind2=" ">
         <subfield code="a">611 pages :</subfield>
         <subfield code="b">illustrations (some color), maps (1 color), plans (some color) ;</subfield>
         <subfield code="c">28 cm.</subfield>
      </datafield>
      <datafield tag="336" ind1=" " ind2=" ">
         <subfield code="a">text</subfield>
         <subfield code="b">txt</subfield>
         <subfield code="2">rdacontent</subfield>
      </datafield>
      <datafield tag="337" ind1=" " ind2=" ">
         <subfield code="a">unmediated</subfield>
         <subfield code="b">n</subfield>
         <subfield code="2">rdamedia</subfield>
      </datafield>
      <datafield tag="338" ind1=" " ind2=" ">
         <subfield code="a">volume</subfield>
         <subfield code="b">nc</subfield>
         <subfield code="2">rdacarrier</subfield>
      </datafield>
      <datafield tag="490" ind1="1" ind2=" ">
         <subfield code="a">Études alexandrines,</subfield>
         <subfield code="x">1110-6441 ;</subfield>
         <subfield code="v">26</subfield>
      </datafield>
      <datafield tag="546" ind1=" " ind2=" ">
         <subfield code="a">Contributions in French or English; abstracts in French, English, and Arabic.</subfield>
      </datafield>
      <datafield tag="504" ind1=" " ind2=" ">
         <subfield code="a">Includes bibliographical references and index.</subfield>
      </datafield>
      <datafield tag="505" ind1="0" ind2="0">
         <subfield code="t">Enterrements d'enfants dans l'Égypte prédynastique et pharaonique /</subfield>
         <subfield code="r">Yann Tristant --</subfield>
         <subfield code="t">Sépultures d'enfants à Saqqara au premier millénaire av. J.-C. /</subfield>
         <subfield code="r">Christiane Ziegler --</subfield>
         <subfield code="t">Enfants dans la nécropole gréco-romaine du Pont de Gabbari à Alexandrie : problématiques et études de cas /</subfield>
         <subfield code="r">Gersende Alix, Éric Boës, Patrice Georges, Marie-Dominique Nenna --</subfield>
         <subfield code="t">Secteur 6 de la nécropole du Pont de Gabbari, Alexandrie : une zone réservée aux enfants? /</subfield>
         <subfield code="r">Hélène Silhouette --</subfield>
         <subfield code="t">Loculus AI de la salle B28.3, nécropole du Pont de Gabbari, Alexandrie : une sépulture collective réservée aux très jeunes enfants /</subfield>
         <subfield code="r">Frédérique Blaizot --</subfield>
         <subfield code="t">Fouille du secteur el-Manara dans la nécropole de Hadra, Alexandrie, en 1940 : l'apport des documents d'archives (carnet de fouilles des inspecteurs du Musée gréco-romain d'Alexandrie et photographies de Loukas Benakis) /</subfield>
         <subfield code="r">Marie-Dominique Nenna --</subfield>
         <subfield code="t">Burials of the Khalil el-Khayat site, Kafr Abdou district, East Alexandria /</subfield>
         <subfield code="r">Amira Sabah --</subfield>
         <subfield code="t">Crémations d'enfants à Alexandrie aux époques hellénistique et impériale /</subfield>
         <subfield code="r">Gilles Grévin, Paul Bailet, Sylvie Baibourdian --</subfield>
         <subfield code="t">Child burials of the Roman period in the necropolis of Marina el-Alamein, Egypt /</subfield>
         <subfield code="r">Wiktor Andrzej Daszewski, Iwona Zych --</subfield>
         <subfield code="t">Anthropological studies on juvenile skeletal remains from the necropolis at Marina el-Alamein, Egypt /</subfield>
         <subfield code="r">Maria Kaczmarek --</subfield>
         <subfield code="t">Inhumations d'enfants et de chiens à Qasr 'Allam, Bahariya, Égypte /</subfield>
         <subfield code="r">Frédéric Adam, Frédéric Colin --</subfield>
         <subfield code="t">Inhumation des enfants dans les nécropoles de l'oasis de Kharga, désert libyque /</subfield>
         <subfield code="r">Françoise Dunand, Roger Lichtenberg --</subfield>
         <subfield code="t">Child, infants, and foetal burials of the late Roman period at Ismant el-Kharab, ancient Kellis, Dakhleh Oasis /</subfield>
         <subfield code="r">Gillian E. Bowen --</subfield>
         <subfield code="t">"Mort à huit ans, enterré à neuf..." : âge et mort prématurée en Égypte romaine /</subfield>
         <subfield code="r">Michel Chauveau --</subfield>
      </datafield>
      <datafield tag="505" ind1="8" ind2="0">
         <subfield code="t">Sépultures de nouveaux-nés et d'enfants dans une nécropole de la fin du VIIIe et du IXe siècle à Umm-el-Breigât, Tebtynis /</subfield>
         <subfield code="r">Claudio Gallazzi, Gisèle Hadji-Minaglou --</subfield>
         <subfield code="t">Bioarchaeology of children in Graeco-Roman Greece /</subfield>
         <subfield code="r">Sherry Fox --</subfield>
         <subfield code="t">Typologie des tombes d'enfants dans les colonies grecques d'Italie du Sud : problèmes et cas d'études /</subfield>
         <subfield code="r">Diego Elia, Valeria Meirano --</subfield>
         <subfield code="t">Funere mersit acerbo : Rome impériale et ses enfants à travers la recherche anthropologique /</subfield>
         <subfield code="r">Paola Catalano, Valentina Benassi, Anna Buccellato, Carla Caldarini, Roberto Egidi, Romina Mosticone, Stefano Musco, Walter Pantano, Rita Paris, Lisa Pescucci --</subfield>
         <subfield code="t">Typologie des tombes d'enfant et traitement du corps à l'époque gréco-romaine en Provence, France : les exemples de Fréjus, Saint-Paul-Trois-Châteaux, Aix-en-Provence et Marseille /</subfield>
         <subfield code="r">Manuel Moliner --</subfield>
         <subfield code="t">Gestes et pratiques funéraires autour des inhumations en fosse d'enfatns en Afrique romaine à l'époque païenne /</subfield>
         <subfield code="r">Solenn de Larminat --</subfield>
         <subfield code="t">Tombes à incinérations d'enfants dans la nécropole romaine de Pupput : quelques cas particuliers /</subfield>
         <subfield code="r">Paul Bailet --</subfield>
         <subfield code="t">Base de données du groupe de recherche sur l'Enfant et la mort dans l'Antiquité /</subfield>
         <subfield code="r">Virginie Fromageot-Lanièpe --</subfield>
         <subfield code="t">Critères d'identification des tombes d'enfants : études antérieures et perspectives /</subfield>
         <subfield code="r">Antoine Hermary, Stéphanie Satre --</subfield>
         <subfield code="t">Anthropologie, archéologie, histoire : acquis et perspectives du programme EMA /</subfield>
         <subfield code="r">Jean-Yves Empereur, Marie-Dominique Nenna.</subfield>
      </datafield>
      <datafield tag="650" ind1=" " ind2="0">
         <subfield code="a">Children</subfield>
         <subfield code="x">Tombs</subfield>
         <subfield code="z">Greece</subfield>
         <subfield code="v">Congresses.</subfield>
      </datafield>
      <datafield tag="650" ind1=" " ind2="0">
         <subfield code="a">Children</subfield>
         <subfield code="x">Death</subfield>
         <subfield code="x">Social aspects</subfield>
         <subfield code="z">Greece</subfield>
         <subfield code="v">Congresses.</subfield>
      </datafield>
      <datafield tag="650" ind1=" " ind2="0">
         <subfield code="a">Funeral rites and ceremonies, Ancient</subfield>
         <subfield code="z">Greece</subfield>
         <subfield code="v">Congresses.</subfield>
      </datafield>
      <datafield tag="650" ind1=" " ind2="0">
         <subfield code="a">Sepulchral monuments</subfield>
         <subfield code="z">Greece</subfield>
         <subfield code="v">Congresses.</subfield>
      </datafield>
      <datafield tag="650" ind1=" " ind2="0">
         <subfield code="a">Excavations (Archaeology)</subfield>
         <subfield code="z">Greece</subfield>
         <subfield code="v">Congresses.</subfield>
      </datafield>
      <datafield tag="651" ind1=" " ind2="0">
         <subfield code="a">Greece</subfield>
         <subfield code="x">Antiquities</subfield>
         <subfield code="v">Congresses.</subfield>
      </datafield>
      <datafield tag="650" ind1=" " ind2="0">
         <subfield code="a">Children</subfield>
         <subfield code="x">Tombs</subfield>
         <subfield code="z">Egypt</subfield>
         <subfield code="v">Congresses.</subfield>
      </datafield>
      <datafield tag="650" ind1=" " ind2="0">
         <subfield code="a">Children</subfield>
         <subfield code="x">Death</subfield>
         <subfield code="x">Social aspects</subfield>
         <subfield code="z">Egypt</subfield>
         <subfield code="v">Congresses.</subfield>
      </datafield>
      <datafield tag="650" ind1=" " ind2="0">
         <subfield code="a">Funeral rites and ceremonies, Ancient</subfield>
         <subfield code="z">Egypt</subfield>
         <subfield code="v">Congresses.</subfield>
      </datafield>
      <datafield tag="650" ind1=" " ind2="0">
         <subfield code="a">Sepulchral monuments</subfield>
         <subfield code="z">Egypt</subfield>
         <subfield code="v">Congresses.</subfield>
      </datafield>
      <datafield tag="650" ind1=" " ind2="0">
         <subfield code="a">Excavations (Archaeology)</subfield>
         <subfield code="z">Egypt</subfield>
         <subfield code="v">Congresses.</subfield>
      </datafield>
      <datafield tag="651" ind1=" " ind2="0">
         <subfield code="a">Egypt</subfield>
         <subfield code="x">Antiquities</subfield>
         <subfield code="v">Congresses.</subfield>
      </datafield>
      <datafield tag="650" ind1=" " ind2="0">
         <subfield code="a">Children</subfield>
         <subfield code="x">Tombs</subfield>
         <subfield code="z">Mediterranean Region</subfield>
         <subfield code="v">Congresses.</subfield>
      </datafield>
      <datafield tag="650" ind1=" " ind2="0">
         <subfield code="a">Children</subfield>
         <subfield code="x">Death</subfield>
         <subfield code="x">Social aspects</subfield>
         <subfield code="z">Mediterranean Region</subfield>
         <subfield code="v">Congresses.</subfield>
      </datafield>
      <datafield tag="650" ind1=" " ind2="0">
         <subfield code="a">Funeral rites and ceremonies, Ancient</subfield>
         <subfield code="z">Mediterranean Region</subfield>
         <subfield code="v">Congresses.</subfield>
      </datafield>
      <datafield tag="651" ind1=" " ind2="0">
         <subfield code="a">Mediterranean Region</subfield>
         <subfield code="x">Antiquities</subfield>
         <subfield code="v">Congresses.</subfield>
      </datafield>
      <datafield tag="650" ind1="1" ind2="2">
         <subfield code="a">Burial</subfield>
         <subfield code="x">history</subfield>
         <subfield code="z">Egypt</subfield>
         <subfield code="v">Congresses.</subfield>
      </datafield>
      <datafield tag="650" ind1="2" ind2="2">
         <subfield code="a">Child</subfield>
         <subfield code="z">Egypt.</subfield>
      </datafield>
      <datafield tag="650" ind1="2" ind2="2">
         <subfield code="a">History, Ancient</subfield>
         <subfield code="z">Egypt</subfield>
         <subfield code="v">Congresses.</subfield>
      </datafield>
      <datafield tag="650" ind1="2" ind2="2">
         <subfield code="a">Mortuary Practice</subfield>
         <subfield code="x">history</subfield>
         <subfield code="z">Egypt</subfield>
         <subfield code="v">Congresses.</subfield>
      </datafield>
      <datafield tag="700" ind1="1" ind2=" ">
         <subfield code="a">Nenna, Marie-Dominique,</subfield>
         <subfield code="e">editor of compilation.</subfield>
      </datafield>
      <datafield tag="710" ind1="2" ind2=" ">
         <subfield code="a">Centre d'études alexandrines.</subfield>
      </datafield>
      <datafield tag="830" ind1=" " ind2="0">
         <subfield code="a">Etudes alexandrines ;</subfield>
         <subfield code="v">26.</subfield>
      </datafield>
      <datafield tag="OWN" ind1=" " ind2=" ">
         <subfield code="a">GENERAL</subfield>
      </datafield>
      <datafield tag="AVA" ind1=" " ind2=" ">
         <subfield code="a">NYU50</subfield>
         <subfield code="b">BOBST</subfield>
         <subfield code="c">Main Collection</subfield>
         <subfield code="d">DF101 .E532 2012</subfield>
         <subfield code="e">unavailable</subfield>
         <subfield code="t">Unavailable</subfield>
         <subfield code="f">1</subfield>
         <subfield code="g">1</subfield>
         <subfield code="h">N</subfield>
         <subfield code="i">0</subfield>
         <subfield code="j">MAIN</subfield>
         <subfield code="k">0</subfield>
      </datafield>
      <datafield tag="AVA" ind1=" " ind2=" ">
         <subfield code="a">NYU50</subfield>
         <subfield code="b">NISAW</subfield>
         <subfield code="c">Main Collection</subfield>
         <subfield code="d">DF101 .E532 2012 Non-circulating</subfield>
         <subfield code="e">available</subfield>
         <subfield code="t">Available</subfield>
         <subfield code="f">1</subfield>
         <subfield code="g">0</subfield>
         <subfield code="h">N</subfield>
         <subfield code="i">0</subfield>
         <subfield code="j">MAIN</subfield>
         <subfield code="k">0</subfield>
      </datafield>
      <marc:datafield tag="852" ind1=" " ind2=" ">
         <marc:subfield code="b">Institute for the Study of the Ancient World, </marc:subfield>
         <marc:subfield code="c">Main Collection</marc:subfield>
         <marc:subfield code="e">15 East 84th St., </marc:subfield>
         <marc:subfield code="e">New York, NY  10028</marc:subfield>
      </marc:datafield>
   </record>