
  
  
  
  
  
  
  
  
 
  
  <record xsi:schemaLocation="http://www.loc.gov/MARC21/slim http://www.loc.gov/standards/marcxml/schema/MARC21slim.xsd">
      <leader>00000cam a2200697Mi 4500</leader>
      <controlfield tag="FMT">BK</controlfield>
      <controlfield tag="LDR">00000cam a2200697Mi 4500</controlfield>
      <controlfield tag="001">004745104</controlfield>
      <controlfield tag="003">OCoLC</controlfield>
      <controlfield tag="005">20170731132047.0</controlfield>
      <controlfield tag="008">170227s2015    tu a     b    100 0 eng d</controlfield>
      <datafield tag="020" ind1=" " ind2=" ">
         <subfield code="a">9786053381204</subfield>
      </datafield>
      <datafield tag="020" ind1=" " ind2=" ">
         <subfield code="a">6053381209</subfield>
      </datafield>
      <datafield tag="035" ind1=" " ind2=" ">
         <subfield code="a">(OCoLC)950682787</subfield>
         <subfield code="z">(OCoLC)962228839</subfield>
      </datafield>
      <datafield tag="037" ind1=" " ind2=" ">
         <subfield code="a">84801</subfield>
         <subfield code="b">TVG</subfield>
      </datafield>
      <datafield tag="040" ind1=" " ind2=" ">
         <subfield code="a">NjP</subfield>
         <subfield code="b">eng</subfield>
         <subfield code="e">rda</subfield>
         <subfield code="c">PUL</subfield>
         <subfield code="d">OCLCO</subfield>
         <subfield code="d">OCLCF</subfield>
         <subfield code="d">OCLCO</subfield>
         <subfield code="d">TXA</subfield>
         <subfield code="d">OCLCO</subfield>
         <subfield code="d">TVG</subfield>
         <subfield code="d">NNU</subfield>
      </datafield>
      <datafield tag="041" ind1="0" ind2=" ">
         <subfield code="a">eng</subfield>
         <subfield code="a">fre</subfield>
      </datafield>
      <datafield tag="043" ind1=" " ind2=" ">
         <subfield code="a">a-tu---</subfield>
      </datafield>
      <datafield tag="050" ind1=" " ind2="4">
         <subfield code="a">HD9490.5.O463</subfield>
         <subfield code="b">A58 2011</subfield>
      </datafield>
      <datafield tag="079" ind1=" " ind2=" ">
         <subfield code="a">(OCoLC)975246689</subfield>
      </datafield>
      <datafield tag="245" ind1="0" ind2="0">
         <subfield code="a">Olive Oil and Wine Production in Eastern Mediterranean During Antiquity :</subfield>
         <subfield code="b">International Symposium proceedings : 17-19 November 2011 Urla - Turkey = Antikçağ'da Doğu Akdeniz'de Zeytinyağı ve Şarap Üretimi : Uluslararası Sempozyum : 17-19 Kasım 2011 Urla - İzmir /</subfield>
         <subfield code="c">Adnan Diler, Kaan Şenol, Ümit Aydınoğlu.</subfield>
      </datafield>
      <datafield tag="246" ind1="3" ind2="1">
         <subfield code="a">Antikçağ'da Doğu Akdeniz'de Zeytinyağı ve Şarap Üretimi : Uluslararası Sempozyum bildirileri : 17-19 Kasım 2011 Urla - İzmir</subfield>
      </datafield>
      <datafield tag="264" ind1=" " ind2="1">
         <subfield code="a">İzmir :</subfield>
         <subfield code="b">Ege Üniversitesi Edebiyat Fakültesi Yayınları,</subfield>
         <subfield code="c">2015.</subfield>
      </datafield>
      <datafield tag="300" ind1=" " ind2=" ">
         <subfield code="a">263 pages :</subfield>
         <subfield code="b">illustrations ;</subfield>
         <subfield code="c">30 cm.</subfield>
      </datafield>
      <datafield tag="336" ind1=" " ind2=" ">
         <subfield code="a">text</subfield>
         <subfield code="b">txt</subfield>
         <subfield code="2">rdacontent</subfield>
      </datafield>
      <datafield tag="337" ind1=" " ind2=" ">
         <subfield code="a">unmediated</subfield>
         <subfield code="b">n</subfield>
         <subfield code="2">rdamedia</subfield>
      </datafield>
      <datafield tag="338" ind1=" " ind2=" ">
         <subfield code="a">volume</subfield>
         <subfield code="b">nc</subfield>
         <subfield code="2">rdacarrier</subfield>
      </datafield>
      <datafield tag="490" ind1="1" ind2=" ">
         <subfield code="a">Ege Üniversitesi Yayınları.</subfield>
         <subfield code="a">Edebiyat Fakültesi ;</subfield>
         <subfield code="v">yayın no: 189</subfield>
      </datafield>
      <datafield tag="504" ind1=" " ind2=" ">
         <subfield code="a">Includes bibliographical references.</subfield>
      </datafield>
      <datafield tag="505" ind1="0" ind2="0">
         <subfield code="t">Foreword /</subfield>
         <subfield code="r">A. Kaan Şenol --</subfield>
         <subfield code="t">Agricultural Land Use in Lelegian Termera : Change in Settlement Model in Agricultural Landscape /</subfield>
         <subfield code="r">Adnan Diler --</subfield>
         <subfield code="t">Vine cultivation areas on the Carian Chersonesos in Antiquity : Estimating the Wine Production Potential of Bybassos and its Territory /</subfield>
         <subfield code="r">Kaan Şenol, Sophia Walz --</subfield>
         <subfield code="t">Olive Oil and Wine Production in Isauria : Results from the Göksu Archaeological Project in Turkey /</subfield>
         <subfield code="r">Hugh Elton --</subfield>
         <subfield code="t">Olive oil production in Kanytellis, Rough Cilicia, in the light of new excavations /</subfield>
         <subfield code="r">Ümit Aydinoğlu, Ahmet Mörel, Filiz Kerem --</subfield>
         <subfield code="t">A Farmhouse with Evidence for Olive Oil Production in the Chora of Cyme /</subfield>
         <subfield code="r">Erdal Korkmaz, Beyhan Gürman --</subfield>
         <subfield code="t">Nif (Olympos) Daği İşlik Araştırmaları /</subfield>
         <subfield code="r">Göknur Bektaş --</subfield>
         <subfield code="t">Terebinth and Terebinth Oil Production in the Ancient Period /</subfield>
         <subfield code="r">Ersin Doğer, Yusuf Sezgin --</subfield>
         <subfield code="t">Oléiculture dans la péninsule ibérique : implantation et production à l'époque ibérique /</subfield>
         <subfield code="r">Isabel Bonora Andujar --</subfield>
         <subfield code="t">A Classical/Hellenistic Oil Pressing Installation in Foti-Vroskopos, Keos /</subfield>
         <subfield code="r">Artemis Karnava, Erofili Kolia, Evi Margaritis --</subfield>
         <subfield code="t">An Archaeobotanical Investigation of Prehistoric Grape Vine Exploitation and Wine Making in Northern Greece : Recent Finds from Dikili Tash /</subfield>
         <subfield code="r">Soultana Maria Valamoti, Pascal Darcque [and 4 others] --</subfield>
         <subfield code="t">Grinding, Crushing, Worshipping : A case study of Olynthus mills in Late Iron Age Thrace /</subfield>
         <subfield code="r">Nataliya Ivanova --</subfield>
         <subfield code="t">Les huileries de Sala (Maroc) /</subfield>
         <subfield code="r">Meriem Hansali, Hakim Ammar --</subfield>
         <subfield code="t">Figuring Out the Balance Between Intra-Regional Consumption and Extra-Regional Export of Wine and Olive Oil in Late Antique Northern Syria /</subfield>
         <subfield code="r">Dimitri Van Limbergen --</subfield>
         <subfield code="t">The Wine Making Process in the Improved Byzantine Wine Press /</subfield>
         <subfield code="r">Yehoshua Dray --</subfield>
         <subfield code="t">Import of Wine to Egypt in the Graeco-Roman Period /</subfield>
         <subfield code="r">Dorota Dzierzbicka --</subfield>
      </datafield>
      <datafield tag="505" ind1="8" ind2="0">
         <subfield code="t">Some oils in Ancient Egypt : debate between moringa, olive and sesame oils /</subfield>
         <subfield code="r">Jose Alba Gomez --</subfield>
         <subfield code="t">From the Nile to the Mediterranean : The Trade in Egyptian Wine During Late Antiquity and the Beginning of the Arab Period /</subfield>
         <subfield code="r">Delphine Dixneuf --</subfield>
         <subfield code="t">ASTOS : A Wine Amphora Producer in the Rhodian Peraea /</subfield>
         <subfield code="r">Gonca Cankardeş Şenol --</subfield>
         <subfield code="t">Yenikapı Limanı'nda Ele Geçen Damgalı Amphoralar /</subfield>
         <subfield code="r">Ülkü Kara --</subfield>
         <subfield code="t">XIX. Yüzyılda Edremit'ten Zeytinyağı Ticareti /</subfield>
         <subfield code="r">Hilal Ortaç --</subfield>
         <subfield code="t">Wine Production and Consumption in the Ottoman Empire /</subfield>
         <subfield code="r">Olcay Pullukçuoğlu Yapucu.</subfield>
      </datafield>
      <datafield tag="546" ind1=" " ind2=" ">
         <subfield code="a">Mostly in English with some French.</subfield>
      </datafield>
      <datafield tag="650" ind1=" " ind2="0">
         <subfield code="a">Olive oil industry</subfield>
         <subfield code="z">Turkey</subfield>
         <subfield code="x">History</subfield>
         <subfield code="v">Congresses.</subfield>
      </datafield>
      <datafield tag="650" ind1=" " ind2="0">
         <subfield code="a">Olive oil</subfield>
         <subfield code="z">Turkey</subfield>
         <subfield code="x">History</subfield>
         <subfield code="v">Congresses.</subfield>
      </datafield>
      <datafield tag="650" ind1=" " ind2="0">
         <subfield code="a">Wine industry</subfield>
         <subfield code="z">Turkey</subfield>
         <subfield code="x">History</subfield>
         <subfield code="v">Congresses.</subfield>
      </datafield>
      <datafield tag="650" ind1=" " ind2="0">
         <subfield code="a">Wine and wine making</subfield>
         <subfield code="z">Turkey</subfield>
         <subfield code="x">History</subfield>
         <subfield code="v">Congresses.</subfield>
      </datafield>
      <datafield tag="650" ind1=" " ind2="0">
         <subfield code="a">Viticulture</subfield>
         <subfield code="z">Turkey</subfield>
         <subfield code="x">History</subfield>
         <subfield code="v">Congresses.</subfield>
      </datafield>
      <datafield tag="651" ind1=" " ind2="0">
         <subfield code="a">Turkey</subfield>
         <subfield code="x">Antiquities</subfield>
         <subfield code="v">Congresses.</subfield>
      </datafield>
      <datafield tag="651" ind1=" " ind2="0">
         <subfield code="a">Cilicia</subfield>
         <subfield code="x">Antiquities</subfield>
         <subfield code="v">Congresses.</subfield>
      </datafield>
      <datafield tag="650" ind1=" " ind2="0">
         <subfield code="a">Excavations (Archaeology)</subfield>
         <subfield code="z">Turkey</subfield>
         <subfield code="v">Congresses.</subfield>
      </datafield>
      <datafield tag="650" ind1=" " ind2="7">
         <subfield code="a">Antiquities.</subfield>
         <subfield code="2">fast</subfield>
         <subfield code="0">(OCoLC)fst00810745</subfield>
      </datafield>
      <datafield tag="650" ind1=" " ind2="7">
         <subfield code="a">Excavations (Archaeology)</subfield>
         <subfield code="2">fast</subfield>
         <subfield code="0">(OCoLC)fst00917564</subfield>
      </datafield>
      <datafield tag="650" ind1=" " ind2="7">
         <subfield code="a">Olive oil.</subfield>
         <subfield code="2">fast</subfield>
         <subfield code="0">(OCoLC)fst01045502</subfield>
      </datafield>
      <datafield tag="650" ind1=" " ind2="7">
         <subfield code="a">Olive oil industry.</subfield>
         <subfield code="2">fast</subfield>
         <subfield code="0">(OCoLC)fst01045510</subfield>
      </datafield>
      <datafield tag="650" ind1=" " ind2="7">
         <subfield code="a">Viticulture.</subfield>
         <subfield code="2">fast</subfield>
         <subfield code="0">(OCoLC)fst01168260</subfield>
      </datafield>
      <datafield tag="650" ind1=" " ind2="7">
         <subfield code="a">Wine and wine making.</subfield>
         <subfield code="2">fast</subfield>
         <subfield code="0">(OCoLC)fst01175907</subfield>
      </datafield>
      <datafield tag="650" ind1=" " ind2="7">
         <subfield code="a">Wine industry.</subfield>
         <subfield code="2">fast</subfield>
         <subfield code="0">(OCoLC)fst01175961</subfield>
      </datafield>
      <datafield tag="651" ind1=" " ind2="7">
         <subfield code="a">Asia</subfield>
         <subfield code="z">Cilicia.</subfield>
         <subfield code="2">fast</subfield>
         <subfield code="0">(OCoLC)fst01230947</subfield>
      </datafield>
      <datafield tag="651" ind1=" " ind2="7">
         <subfield code="a">Turkey.</subfield>
         <subfield code="2">fast</subfield>
         <subfield code="0">(OCoLC)fst01208963</subfield>
      </datafield>
      <datafield tag="655" ind1=" " ind2="7">
         <subfield code="a">Conference papers and proceedings.</subfield>
         <subfield code="2">fast</subfield>
         <subfield code="0">(OCoLC)fst01423772</subfield>
      </datafield>
      <datafield tag="655" ind1=" " ind2="7">
         <subfield code="a">History.</subfield>
         <subfield code="2">fast</subfield>
         <subfield code="0">(OCoLC)fst01411628</subfield>
      </datafield>
      <datafield tag="700" ind1="1" ind2=" ">
         <subfield code="a">Diler, Adnan,</subfield>
         <subfield code="e">editor.</subfield>
      </datafield>
      <datafield tag="700" ind1="1" ind2=" ">
         <subfield code="a">Şenol, Ahmet Kaan,</subfield>
         <subfield code="e">editor.</subfield>
      </datafield>
      <datafield tag="700" ind1="1" ind2=" ">
         <subfield code="a">Aydınoğlu, Ümit,</subfield>
         <subfield code="e">editor.</subfield>
      </datafield>
      <datafield tag="830" ind1=" " ind2="0">
         <subfield code="a">Ege Üniversitesi Edebiyat Fakültesi yayınları ;</subfield>
         <subfield code="v">no. 189.</subfield>
      </datafield>
      <datafield tag="994" ind1=" " ind2=" ">
         <subfield code="a">Z0</subfield>
         <subfield code="b">ZYU</subfield>
      </datafield>
      <datafield tag="OWN" ind1=" " ind2=" ">
         <subfield code="a">GENERAL</subfield>
      </datafield>
      <datafield tag="AVA" ind1=" " ind2=" ">
         <subfield code="a">NYU50</subfield>
         <subfield code="b">NISAW</subfield>
         <subfield code="c">Large Collection</subfield>
         <subfield code="d">HD9490.5.O463 A58 2011 Non-circulating</subfield>
         <subfield code="e">available</subfield>
         <subfield code="t">Available</subfield>
         <subfield code="f">1</subfield>
         <subfield code="g">0</subfield>
         <subfield code="h">N</subfield>
         <subfield code="i">0</subfield>
         <subfield code="j">LARGE</subfield>
         <subfield code="k">0</subfield>
      </datafield>
      <marc:datafield tag="852" ind1=" " ind2=" ">
         <marc:subfield code="b">Institute for the Study of the Ancient World, </marc:subfield>
         <marc:subfield code="c">Large Collection</marc:subfield>
         <marc:subfield code="e">15 East 84th St., </marc:subfield>
         <marc:subfield code="e">New York, NY  10028</marc:subfield>
      </marc:datafield>
   </record>