
  
  
  
  
  
  
  
  
  
  
  
 
  
  <record xsi:schemaLocation="http://www.loc.gov/MARC21/slim http://www.loc.gov/standards/marcxml/schema/MARC21slim.xsd">
      <leader>00000cam a22004454a 4500</leader>
      <controlfield tag="FMT">BK</controlfield>
      <controlfield tag="LDR">00000cam a22004454a 4500</controlfield>
      <controlfield tag="001">003230746</controlfield>
      <controlfield tag="003">OCoLC</controlfield>
      <controlfield tag="005">20170509163744.0</controlfield>
      <controlfield tag="008">090504s2008    fr       b    101 0 fre c</controlfield>
      <datafield tag="010" ind1=" " ind2=" ">
         <subfield code="a">2009430371</subfield>
      </datafield>
      <datafield tag="020" ind1=" " ind2=" ">
         <subfield code="a">9782356680020</subfield>
      </datafield>
      <datafield tag="020" ind1=" " ind2=" ">
         <subfield code="a">2356680020</subfield>
      </datafield>
      <datafield tag="035" ind1=" " ind2=" ">
         <subfield code="a">(OCoLC)316828643</subfield>
      </datafield>
      <datafield tag="040" ind1=" " ind2=" ">
         <subfield code="a">TZT</subfield>
         <subfield code="c">TZT</subfield>
         <subfield code="d">DLC</subfield>
         <subfield code="d">CGU</subfield>
      </datafield>
      <datafield tag="041" ind1="0" ind2=" ">
         <subfield code="a">fre</subfield>
         <subfield code="b">eng</subfield>
      </datafield>
      <datafield tag="042" ind1=" " ind2=" ">
         <subfield code="a">pcc</subfield>
      </datafield>
      <datafield tag="043" ind1=" " ind2=" ">
         <subfield code="a">e-gr---</subfield>
         <subfield code="a">e-it---</subfield>
      </datafield>
      <datafield tag="050" ind1="0" ind2="0">
         <subfield code="a">R138</subfield>
         <subfield code="b">.M43 2008</subfield>
      </datafield>
      <datafield tag="072" ind1=" " ind2="7">
         <subfield code="a">DE</subfield>
         <subfield code="2">lcco</subfield>
      </datafield>
      <datafield tag="079" ind1=" " ind2=" ">
         <subfield code="a">(OCoLC)316828643</subfield>
      </datafield>
      <datafield tag="082" ind1="1" ind2="4">
         <subfield code="a">930</subfield>
         <subfield code="2">1</subfield>
      </datafield>
      <datafield tag="245" ind1="0" ind2="3">
         <subfield code="a">Le médecin initié par l'animal :</subfield>
         <subfield code="b">animaux et médecine dans l'antiquité grecque et latine : actes du colloque international tenu à la Maison de l'Orient et de la Méditerranée-Jean Pouilloux les 26 et 27 octobre 2006 /</subfield>
         <subfield code="c">édités par Isabelle Boehm et Pascal Luccioni.</subfield>
      </datafield>
      <datafield tag="260" ind1=" " ind2=" ">
         <subfield code="a">Lyon :</subfield>
         <subfield code="b">Maison de l'Orient et de la Méditerranée,</subfield>
         <subfield code="c">2008.</subfield>
      </datafield>
      <datafield tag="300" ind1=" " ind2=" ">
         <subfield code="a">260 p. ;</subfield>
         <subfield code="c">24 cm.</subfield>
      </datafield>
      <datafield tag="490" ind1="1" ind2=" ">
         <subfield code="a">Collection de la Maison de l'Orient et de la Méditerranée ;</subfield>
         <subfield code="v">39</subfield>
      </datafield>
      <datafield tag="490" ind1="1" ind2=" ">
         <subfield code="a">Série littéraire et philosophique,</subfield>
         <subfield code="x">0244-5689 ;</subfield>
         <subfield code="v">12</subfield>
      </datafield>
      <datafield tag="546" ind1=" " ind2=" ">
         <subfield code="a">Includes English abstracts.</subfield>
      </datafield>
      <datafield tag="504" ind1=" " ind2=" ">
         <subfield code="a">Includes bibliographical references and indexes.</subfield>
      </datafield>
      <datafield tag="505" ind1="0" ind2="0">
         <subfield code="t">Avant-propos /</subfield>
         <subfield code="r">Isabelle Boehm et Pascal Luccioni --</subfield>
         <subfield code="t">Le bestiaire de Galien /</subfield>
         <subfield code="r">Danièle Gourevitch --</subfield>
         <subfield code="t">L'homme, cet animal doué de sagesse et seul être divin parmi ceux qui vivent sur la terre (Galien, De usu partium I, 2) /</subfield>
         <subfield code="r">Véronique Boudon-Millot --</subfield>
         <subfield code="t">Les enseignements de la torpille dans la médecine antique /</subfield>
         <subfield code="r">Armelle Debru --</subfield>
         <subfield code="t">L'animal et la médecine iologique?: à propos de Nicandre de Colophon /</subfield>
         <subfield code="r">Jean-Marie Jacques --</subfield>
         <subfield code="t">Homme et animal?: pathologies communes et thérapies partagées? /</subfield>
         <subfield code="r">Arnaud Zucker --</subfield>
         <subfield code="t">L'automédication des animaux chez les auteurs antiques /</subfield>
         <subfield code="r">Jean Bouffartigue --</subfield>
         <subfield code="t">Remèdes et poisons végétaux transmis à l'homme par l'animal /</subfield>
         <subfield code="r">Suzanne Amigues --</subfield>
         <subfield code="t">Poulpe de mer et crabe de rivière dans la Collection hippocratique /</subfield>
         <subfield code="r">Florence Bourbon --</subfield>
         <subfield code="t">Castoréum et basilic, deux substances animales de la pharmacopée ancienne /</subfield>
         <subfield code="r">Sébastien Barbara --</subfield>
         <subfield code="t">La hantise de l'invasion pestilentielle? : le rôle de la faune des marais dans l'étiologie des maladies épidémiques après les sources latines /</subfield>
         <subfield code="r">Jean Trinquier --</subfield>
         <subfield code="t">Les animaux et la crise de panique en Grèce antique /</subfield>
         <subfield code="r">Marie-Claude Charpentier et Jordi Pàmias --</subfield>
         <subfield code="t">Chiron, le cheval-médecin ou pourquoi Hippocrate s'appelle Hippocrate /</subfield>
         <subfield code="r">Valérie Gitton-Ripoll.</subfield>
      </datafield>
      <datafield tag="650" ind1=" " ind2="0">
         <subfield code="a">Medicine, Greek and Roman</subfield>
         <subfield code="v">Congresses.</subfield>
      </datafield>
      <datafield tag="650" ind1=" " ind2="0">
         <subfield code="a">Animals</subfield>
         <subfield code="x">Therapeutic use</subfield>
         <subfield code="x">History</subfield>
         <subfield code="v">Congresses.</subfield>
      </datafield>
      <datafield tag="650" ind1=" " ind2="0">
         <subfield code="a">Human-animal relationships</subfield>
         <subfield code="x">History</subfield>
         <subfield code="v">Congresses.</subfield>
      </datafield>
      <datafield tag="653" ind1=" " ind2=" ">
         <subfield code="a">Greco-Roman world</subfield>
         <subfield code="a">Animals and medicine</subfield>
      </datafield>
      <datafield tag="700" ind1="1" ind2=" ">
         <subfield code="a">Boehm, Isabelle.</subfield>
      </datafield>
      <datafield tag="700" ind1="1" ind2=" ">
         <subfield code="a">Luccioni, Pascal.</subfield>
      </datafield>
      <datafield tag="710" ind1="2" ind2=" ">
         <subfield code="a">Maison de l'Orient et de la Méditerranée Jean Pouilloux (Lyon, France)</subfield>
      </datafield>
      <datafield tag="830" ind1=" " ind2="0">
         <subfield code="a">Collection de la Maison de l'Orient et de la Méditerranée ;</subfield>
         <subfield code="v">39.</subfield>
      </datafield>
      <datafield tag="830" ind1=" " ind2="0">
         <subfield code="a">Collection de la Maison de l'Orient et de la Méditerranée.</subfield>
         <subfield code="p">Série littéraire et philosophique ;</subfield>
         <subfield code="v">12.</subfield>
      </datafield>
      <datafield tag="994" ind1=" " ind2=" ">
         <subfield code="a">Z0</subfield>
         <subfield code="b">ZYU</subfield>
      </datafield>
      <datafield tag="OWN" ind1=" " ind2=" ">
         <subfield code="a">GENERAL</subfield>
      </datafield>
      <datafield tag="AVA" ind1=" " ind2=" ">
         <subfield code="a">NYU50</subfield>
         <subfield code="b">BOBST</subfield>
         <subfield code="c">Main Collection</subfield>
         <subfield code="d">R138 .M43 2008</subfield>
         <subfield code="e">available</subfield>
         <subfield code="t">Available</subfield>
         <subfield code="f">1</subfield>
         <subfield code="g">0</subfield>
         <subfield code="h">N</subfield>
         <subfield code="i">1</subfield>
         <subfield code="j">MAIN</subfield>
         <subfield code="k">0</subfield>
      </datafield>
      <datafield tag="AVA" ind1=" " ind2=" ">
         <subfield code="a">NYU50</subfield>
         <subfield code="b">NISAW</subfield>
         <subfield code="c">Small Collection</subfield>
         <subfield code="d">R138 .M43 2008 Non-circulating</subfield>
         <subfield code="e">available</subfield>
         <subfield code="t">Available</subfield>
         <subfield code="f">1</subfield>
         <subfield code="g">0</subfield>
         <subfield code="h">N</subfield>
         <subfield code="i">0</subfield>
         <subfield code="j">SMALL</subfield>
         <subfield code="k">0</subfield>
      </datafield>
      <marc:datafield tag="852" ind1=" " ind2=" ">
         <marc:subfield code="b">Institute for the Study of the Ancient World, </marc:subfield>
         <marc:subfield code="c">Small Collection</marc:subfield>
         <marc:subfield code="e">15 East 84th St., </marc:subfield>
         <marc:subfield code="e">New York, NY  10028</marc:subfield>
      </marc:datafield>
   </record>