
  
  
  
  
  
  
  
  
  
 
  
  <record xsi:schemaLocation="http://www.loc.gov/MARC21/slim http://www.loc.gov/standards/marcxml/schema/MARC21slim.xsd">
      <leader>00000cam a22     4a 4500</leader>
      <controlfield tag="FMT">BK</controlfield>
      <controlfield tag="LDR">00000cam a22     4a 4500</controlfield>
      <controlfield tag="001">004767258</controlfield>
      <controlfield tag="005">20170524164642.0</controlfield>
      <controlfield tag="008">170228s2005    it abef  b    100 0 ita</controlfield>
      <datafield tag="010" ind1=" " ind2=" ">
         <subfield code="a">  2006352565</subfield>
      </datafield>
      <datafield tag="020" ind1=" " ind2=" ">
         <subfield code="a">8889670010</subfield>
      </datafield>
      <datafield tag="020" ind1=" " ind2=" ">
         <subfield code="a">9788889670019</subfield>
      </datafield>
      <datafield tag="035" ind1=" " ind2=" ">
         <subfield code="a">(OCoLC)61765878</subfield>
      </datafield>
      <datafield tag="040" ind1=" " ind2=" ">
         <subfield code="a">DLC</subfield>
         <subfield code="b">eng</subfield>
         <subfield code="c">DLC</subfield>
         <subfield code="d">C3L</subfield>
         <subfield code="d">BRZ</subfield>
         <subfield code="d">GEBAY</subfield>
         <subfield code="d">DEBSZ</subfield>
         <subfield code="d">DEBBG</subfield>
         <subfield code="d">OCLCO</subfield>
         <subfield code="d">OCLCQ</subfield>
         <subfield code="d">OCLCO</subfield>
         <subfield code="d">OCLCF</subfield>
         <subfield code="d">OCLCO</subfield>
         <subfield code="d">NNU</subfield>
      </datafield>
      <datafield tag="042" ind1=" " ind2=" ">
         <subfield code="a">pcc</subfield>
      </datafield>
      <datafield tag="043" ind1=" " ind2=" ">
         <subfield code="a">aw-----</subfield>
      </datafield>
      <datafield tag="045" ind1=" " ind2=" ">
         <subfield code="a">b0d3</subfield>
      </datafield>
      <datafield tag="050" ind1=" " ind2="4">
         <subfield code="a">DS155</subfield>
         <subfield code="b">.S848 no.3</subfield>
      </datafield>
      <datafield tag="050" ind1="0" ind2="0">
         <subfield code="a">DS62.2</subfield>
         <subfield code="b">.N37 2005</subfield>
      </datafield>
      <datafield tag="050" ind1=" " ind2="4">
         <subfield code="a">N332</subfield>
         <subfield code="b">N16</subfield>
      </datafield>
      <datafield tag="079" ind1=" " ind2=" ">
         <subfield code="a">(OCoLC)61765878</subfield>
      </datafield>
      <datafield tag="082" ind1="0" ind2="0">
         <subfield code="a">939/.401</subfield>
         <subfield code="2">22</subfield>
      </datafield>
      <datafield tag="082" ind1="0" ind2="4">
         <subfield code="a">932</subfield>
         <subfield code="2">21</subfield>
      </datafield>
      <datafield tag="245" ind1="0" ind2="0">
         <subfield code="a">Narrare gli eventi :</subfield>
         <subfield code="b">atti del convegno degli egittologi e degli orientalisti italiani in margine alla mostra La battaglia di Qadesh /</subfield>
         <subfield code="c">a cura di Franca Pecchioli Daddi e Maria Cristina Guidotti.</subfield>
      </datafield>
      <datafield tag="260" ind1=" " ind2=" ">
         <subfield code="a">Roma :</subfield>
         <subfield code="b">Herder,</subfield>
         <subfield code="c">2005.</subfield>
      </datafield>
      <datafield tag="300" ind1=" " ind2=" ">
         <subfield code="a">353 pages, xxvi leaves of plates (some color) :</subfield>
         <subfield code="b">illustrations, maps, plans ;</subfield>
         <subfield code="c">30 cm.</subfield>
      </datafield>
      <datafield tag="336" ind1=" " ind2=" ">
         <subfield code="a">text</subfield>
         <subfield code="b">txt</subfield>
         <subfield code="2">rdacontent</subfield>
      </datafield>
      <datafield tag="337" ind1=" " ind2=" ">
         <subfield code="a">unmediated</subfield>
         <subfield code="b">n</subfield>
         <subfield code="2">rdamedia</subfield>
      </datafield>
      <datafield tag="338" ind1=" " ind2=" ">
         <subfield code="a">volume</subfield>
         <subfield code="b">nc</subfield>
         <subfield code="2">rdacarrier</subfield>
      </datafield>
      <datafield tag="490" ind1="1" ind2=" ">
         <subfield code="a">Studia Asiana ;</subfield>
         <subfield code="v">3</subfield>
      </datafield>
      <datafield tag="500" ind1=" " ind2=" ">
         <subfield code="a">Proceedings.</subfield>
      </datafield>
      <datafield tag="500" ind1=" " ind2=" ">
         <subfield code="a">"In questo volume sono pubblicati gli atti del convegno ..., tenutosi a Firenze nei giorni 4-6 dicembre 2002 ..."--Page [7].</subfield>
      </datafield>
      <datafield tag="504" ind1=" " ind2=" ">
         <subfield code="a">Includes bibliographical references.</subfield>
      </datafield>
      <datafield tag="505" ind1="0" ind2="0">
         <subfield code="t">Gli scarabei di Ramesse II: caratteristiche tipologiche e stilistiche /</subfield>
         <subfield code="r">Sara Andrenucci --</subfield>
         <subfield code="t">I modi della memoria /</subfield>
         <subfield code="r">Alfonso Archi --</subfield>
         <subfield code="t">Tra fortezze e manieri: elementi di continuità dall'Oronte alla Diyala /</subfield>
         <subfield code="r">Giovanni Bergamini --</subfield>
         <subfield code="t">Una statua di Ramesse II al Museo del Cairo /</subfield>
         <subfield code="r">Giuseppina Capriotti Vittozzi --</subfield>
         <subfield code="t">Regalità cattica, pre- o proto-etea? A proposito di CTH 414 /</subfield>
         <subfield code="r">Onofrio Carruba --</subfield>
         <subfield code="t">Il "Bollettino di Guerra" nella prassi narrativa Ramesside: la battaglia di Qadesh /</subfield>
         <subfield code="r">Giacomo Cavillier --</subfield>
         <subfield code="t">La regalità come evento mitico: osservazioni sul rapporto re-dio nel Nuovo Regno /</subfield>
         <subfield code="r">Emanuelle Ciampini --</subfield>
         <subfield code="t">Il racconto delle origini: alcune riflessioni sul testo di Zalpa /</subfield>
         <subfield code="r">Carlo Corti --</subfield>
         <subfield code="t">La guerra nel dizionario dell'Egitto antico /</subfield>
         <subfield code="r">Silvio Curto --</subfield>
         <subfield code="t">Note a margine del carro egizio di Firenze /</subfield>
         <subfield code="r">Roberto Del Francia --</subfield>
         <subfield code="t">Les Res Gestae dei sovrani ittiti dell'Antico Regno /</subfield>
         <subfield code="r">Stefano De Martino --</subfield>
         <subfield code="t">Narrare gli eventi bellici: cronaca e storia di alcuni conflitti eccellenti nella rappresentazione visiva della Mesopotamia e della Siria preclassiche /</subfield>
         <subfield code="r">Rita Dolce --</subfield>
         <subfield code="t">Tiglat-Pileser III tra annalistica reale ed epistolografia quotidiana /</subfield>
         <subfield code="r">Frederick Mario Fales --</subfield>
         <subfield code="t">Ideologia reale e propaganda politica nei testi di Ebla /</subfield>
         <subfield code="r">Pelio Fronzaroli --</subfield>
         <subfield code="t">Le conquiste di Ramesse II nella tradizione greco-romana /</subfield>
         <subfield code="r">Gianfranco Gaggero --</subfield>
         <subfield code="t">Micenei e Vicino Oriente /</subfield>
         <subfield code="r">Anna Margherita Jasink --</subfield>
         <subfield code="t">Un testo agiografico: la cronaca reale /</subfield>
         <subfield code="r">Paolo Marrassini --</subfield>
         <subfield code="t">Narrare il trionfo nell'arte Siro-Ittita /</subfield>
         <subfield code="r">Stefania Mazzoni --</subfield>
         <subfield code="t">Il conflitto tra Ittiti e Assiri e le molteplici interpretazioni di un evento non narrato /</subfield>
         <subfield code="r">Clelia Mora --</subfield>
         <subfield code="t">Dai Sumeri agli Assiri: storia di un insediamento /</subfield>
         <subfield code="r">Paolo Emilio Pecorella --</subfield>
         <subfield code="t">Gli inizi delle narrazioni storiche sumeriche /</subfield>
         <subfield code="r">Giovanni Pettinato --</subfield>
         <subfield code="t">Aspetti della narrativa degli Annali di Muršili II /</subfield>
         <subfield code="r">Anna Maria Polvani --</subfield>
      </datafield>
      <datafield tag="505" ind1="8" ind2="0">
         <subfield code="t">Costruire e variare il racconto: il caso delle iscrizioni relai assire /</subfield>
         <subfield code="r">Simonetta Ponchia --</subfield>
         <subfield code="t">Guerra e pace al tempo di Ramesse /</subfield>
         <subfield code="r">Alessandro Roccati --</subfield>
         <subfield code="t">Spiritualità e tecnologie nell'Antico Egitto, espresse anche dai cocchi dei faraoni egiziani /</subfield>
         <subfield code="r">Alberto Rovetta --</subfield>
         <subfield code="t">I testi storici dell'Urartu /</subfield>
         <subfield code="r">Mirjo Salvini --</subfield>
         <subfield code="t">La riconstruzione del passato nell'antica Mesopotamia /</subfield>
         <subfield code="r">Stefano Seminara --</subfield>
         <subfield code="t">Narrare e guidicare: per un'analisi testuale del Papiro Giudiziario di Torino (C. 1875) /</subfield>
         <subfield code="r">Marcella Trapani.</subfield>
      </datafield>
      <datafield tag="651" ind1=" " ind2="0">
         <subfield code="a">Middle East</subfield>
         <subfield code="x">History</subfield>
         <subfield code="y">To 622</subfield>
         <subfield code="v">Sources</subfield>
         <subfield code="v">Congresses.</subfield>
      </datafield>
      <datafield tag="651" ind1=" " ind2="0">
         <subfield code="a">Middle East</subfield>
         <subfield code="x">History</subfield>
         <subfield code="y">To 622</subfield>
         <subfield code="x">Historiography</subfield>
         <subfield code="v">Congresses.</subfield>
      </datafield>
      <datafield tag="650" ind1=" " ind2="0">
         <subfield code="a">Kadesh, Battle of, Kadesh, ca. 1300 B.C.</subfield>
         <subfield code="v">Congresses.</subfield>
      </datafield>
      <datafield tag="650" ind1="0" ind2="7">
         <subfield code="a">Kadesch</subfield>
         <subfield code="x">Schlacht.</subfield>
         <subfield code="0">(DE-588)4096827-3</subfield>
         <subfield code="2">gnd</subfield>
      </datafield>
      <datafield tag="651" ind1=" " ind2="7">
         <subfield code="a">Kadesch</subfield>
         <subfield code="x">Schlacht.</subfield>
         <subfield code="2">swd</subfield>
      </datafield>
      <datafield tag="611" ind1="0" ind2="7">
         <subfield code="a">Kadesh, Battle of (Kadesh : ca. 1300 B.C.)</subfield>
         <subfield code="2">fast</subfield>
         <subfield code="0">(OCoLC)fst00985654</subfield>
      </datafield>
      <datafield tag="650" ind1=" " ind2="7">
         <subfield code="a">Historiography.</subfield>
         <subfield code="2">fast</subfield>
         <subfield code="0">(OCoLC)fst00958221</subfield>
      </datafield>
      <datafield tag="651" ind1=" " ind2="7">
         <subfield code="a">Middle East.</subfield>
         <subfield code="2">fast</subfield>
         <subfield code="0">(OCoLC)fst01241586</subfield>
      </datafield>
      <datafield tag="651" ind1=" " ind2="7">
         <subfield code="a">Syria</subfield>
         <subfield code="z">Kadesh (Extinct city)</subfield>
         <subfield code="2">fast</subfield>
         <subfield code="0">(OCoLC)fst01897252</subfield>
      </datafield>
      <datafield tag="648" ind1=" " ind2="7">
         <subfield code="a">To 622.</subfield>
         <subfield code="2">fast</subfield>
      </datafield>
      <datafield tag="655" ind1=" " ind2="4">
         <subfield code="a">Kongress</subfield>
         <subfield code="z">Florenz</subfield>
         <subfield code="y">2002.</subfield>
      </datafield>
      <datafield tag="655" ind1=" " ind2="7">
         <subfield code="a">Conference papers and proceedings.</subfield>
         <subfield code="2">fast</subfield>
         <subfield code="0">(OCoLC)fst01423772</subfield>
      </datafield>
      <datafield tag="655" ind1=" " ind2="7">
         <subfield code="a">History.</subfield>
         <subfield code="2">fast</subfield>
         <subfield code="0">(OCoLC)fst01411628</subfield>
      </datafield>
      <datafield tag="700" ind1="1" ind2=" ">
         <subfield code="a">Pecchioli Daddi, Franca.</subfield>
      </datafield>
      <datafield tag="700" ind1="1" ind2=" ">
         <subfield code="a">Guidotti, M. Cristina.</subfield>
      </datafield>
      <datafield tag="830" ind1=" " ind2="0">
         <subfield code="a">Studia Asiana ;</subfield>
         <subfield code="v">3.</subfield>
      </datafield>
      <datafield tag="856" ind1="4" ind2="1">
         <subfield code="3">Table of contents</subfield>
         <subfield code="q">text/html</subfield>
         <subfield code="u">http://swbplus.bsz-bw.de/bsz121302008inh.htm</subfield>
      </datafield>
      <datafield tag="856" ind1="4" ind2="1">
         <subfield code="3">Table of contents</subfield>
         <subfield code="u">http://bvbr.bib-bvb.de:8991/F?func=service&amp;doc_library=BVB01&amp;doc_number=014612391&amp;line_number=0001&amp;func_code=DB_RECORDS&amp;service_type=MEDIA</subfield>
      </datafield>
      <datafield tag="856" ind1=" " ind2=" ">
         <subfield code="u">http://bvbr.bib-bvb.de:8991/F?func=service&amp;doc_library=BVB01&amp;local_base=BVB01&amp;doc_number=014612391&amp;line_number=0001&amp;func_code=DB_RECORDS&amp;service_type=MEDIA</subfield>
         <subfield code="z">Inhaltsverzeichnis</subfield>
      </datafield>
      <datafield tag="OWN" ind1=" " ind2=" ">
         <subfield code="a">GENERAL</subfield>
      </datafield>
      <datafield tag="AVA" ind1=" " ind2=" ">
         <subfield code="a">NYU50</subfield>
         <subfield code="b">NISAW</subfield>
         <subfield code="c">Large Collection</subfield>
         <subfield code="d">DS155 .S848 no.3 2005 Non-circulating</subfield>
         <subfield code="e">available</subfield>
         <subfield code="t">Available</subfield>
         <subfield code="f">1</subfield>
         <subfield code="g">0</subfield>
         <subfield code="h">N</subfield>
         <subfield code="i">0</subfield>
         <subfield code="j">LARGE</subfield>
         <subfield code="k">0</subfield>
      </datafield>
      <marc:datafield tag="852" ind1=" " ind2=" ">
         <marc:subfield code="b">Institute for the Study of the Ancient World, </marc:subfield>
         <marc:subfield code="c">Large Collection</marc:subfield>
         <marc:subfield code="e">15 East 84th St., </marc:subfield>
         <marc:subfield code="e">New York, NY  10028</marc:subfield>
      </marc:datafield>
   </record>