
  
  
  
  
  
  
  
  
  
  
 
  
  <record xsi:schemaLocation="http://www.loc.gov/MARC21/slim http://www.loc.gov/standards/marcxml/schema/MARC21slim.xsd">
      <leader>00000cam a22      a 4500</leader>
      <controlfield tag="FMT">BK</controlfield>
      <controlfield tag="LDR">00000cam a22      a 4500</controlfield>
      <controlfield tag="001">004767271</controlfield>
      <controlfield tag="005">20170524163716.0</controlfield>
      <controlfield tag="008">170228s2009    it abef  b    110 0 eng d</controlfield>
      <datafield tag="010" ind1=" " ind2=" ">
         <subfield code="a">  2010370804</subfield>
      </datafield>
      <datafield tag="020" ind1=" " ind2=" ">
         <subfield code="a">9788889670422</subfield>
      </datafield>
      <datafield tag="020" ind1=" " ind2=" ">
         <subfield code="a">8889670428</subfield>
      </datafield>
      <datafield tag="035" ind1=" " ind2=" ">
         <subfield code="a">(OCoLC)503242401</subfield>
      </datafield>
      <datafield tag="040" ind1=" " ind2=" ">
         <subfield code="a">C3L</subfield>
         <subfield code="b">eng</subfield>
         <subfield code="c">DLC</subfield>
         <subfield code="d">C3L</subfield>
         <subfield code="d">COO</subfield>
         <subfield code="d">YDXCP</subfield>
         <subfield code="d">GEBAY</subfield>
         <subfield code="d">CIN</subfield>
         <subfield code="d">DEBBG</subfield>
         <subfield code="d">OCLCF</subfield>
         <subfield code="d">CHVBK</subfield>
         <subfield code="d">OCLCO</subfield>
         <subfield code="d">OCLCQ</subfield>
         <subfield code="d">NNU</subfield>
      </datafield>
      <datafield tag="041" ind1="0" ind2=" ">
         <subfield code="a">eng</subfield>
         <subfield code="a">ger</subfield>
         <subfield code="a">ita</subfield>
      </datafield>
      <datafield tag="042" ind1=" " ind2=" ">
         <subfield code="a">lccopycat</subfield>
      </datafield>
      <datafield tag="043" ind1=" " ind2=" ">
         <subfield code="a">ed-----</subfield>
         <subfield code="a">a-tu---</subfield>
      </datafield>
      <datafield tag="045" ind1=" " ind2=" ">
         <subfield code="a">b0d3</subfield>
      </datafield>
      <datafield tag="050" ind1=" " ind2="4">
         <subfield code="a">DS155</subfield>
         <subfield code="b">.S848 no.5</subfield>
      </datafield>
      <datafield tag="050" ind1="0" ind2="0">
         <subfield code="a">DS66</subfield>
         <subfield code="b">.M345 2007</subfield>
      </datafield>
      <datafield tag="079" ind1=" " ind2=" ">
         <subfield code="a">(OCoLC)503242401</subfield>
      </datafield>
      <datafield tag="082" ind1="0" ind2="4">
         <subfield code="a">939</subfield>
         <subfield code="2">21</subfield>
      </datafield>
      <datafield tag="084" ind1=" " ind2=" ">
         <subfield code="a">6,11</subfield>
         <subfield code="2">ssgn</subfield>
      </datafield>
      <datafield tag="084" ind1=" " ind2=" ">
         <subfield code="a">EW 330</subfield>
         <subfield code="2">rvk</subfield>
      </datafield>
      <datafield tag="084" ind1=" " ind2=" ">
         <subfield code="a">NG 5000</subfield>
         <subfield code="2">rvk</subfield>
      </datafield>
      <datafield tag="084" ind1=" " ind2=" ">
         <subfield code="a">NK 9400</subfield>
         <subfield code="2">rvk</subfield>
      </datafield>
      <datafield tag="245" ind1="0" ind2="0">
         <subfield code="a">Central-North Anatolia in the Hittite period :</subfield>
         <subfield code="b">new perspectives in light of recent research : acts of the International conference held at the University of Florence, 7-9 February 2007 /</subfield>
         <subfield code="c">edited by Franca Pecchioli Daddi, Giulia Torri, Carlo Corti.</subfield>
      </datafield>
      <datafield tag="260" ind1=" " ind2=" ">
         <subfield code="a">Roma :</subfield>
         <subfield code="b">Herder,</subfield>
         <subfield code="c">2009.</subfield>
      </datafield>
      <datafield tag="300" ind1=" " ind2=" ">
         <subfield code="a">xiii, 268 pages, xxxii pages of plates :</subfield>
         <subfield code="b">illustrations (some color), maps, plans ;</subfield>
         <subfield code="c">30 cm.</subfield>
      </datafield>
      <datafield tag="336" ind1=" " ind2=" ">
         <subfield code="a">text</subfield>
         <subfield code="b">txt</subfield>
         <subfield code="2">rdacontent</subfield>
      </datafield>
      <datafield tag="337" ind1=" " ind2=" ">
         <subfield code="a">unmediated</subfield>
         <subfield code="b">n</subfield>
         <subfield code="2">rdamedia</subfield>
      </datafield>
      <datafield tag="338" ind1=" " ind2=" ">
         <subfield code="a">volume</subfield>
         <subfield code="b">nc</subfield>
         <subfield code="2">rdacarrier</subfield>
      </datafield>
      <datafield tag="490" ind1="1" ind2=" ">
         <subfield code="a">Studia Asiana ;</subfield>
         <subfield code="v">5</subfield>
      </datafield>
      <datafield tag="500" ind1=" " ind2=" ">
         <subfield code="a">Proceedings.</subfield>
      </datafield>
      <datafield tag="504" ind1=" " ind2=" ">
         <subfield code="a">Includes bibliographical references.</subfield>
      </datafield>
      <datafield tag="546" ind1=" " ind2=" ">
         <subfield code="a">Most essays in English; some in German or Italian.</subfield>
      </datafield>
      <datafield tag="505" ind1="0" ind2="0">
         <subfield code="g">Introduction:</subfield>
         <subfield code="t">Perspectives in Hittitological Research /</subfield>
         <subfield code="r">Franca Pecchioli Daddi --</subfield>
         <subfield code="t">Indoeuropei ed Anatolia /</subfield>
         <subfield code="r">Onofrio Carruba --</subfield>
         <subfield code="t">Hattušili III and the Cult Management of the Holy City of Nerik (II) /</subfield>
         <subfield code="r">Carlo Corti --</subfield>
         <subfield code="t">Archäologische Forschungen am Oymaağaç Höyük in den Jahren 2005 und 2006 /</subfield>
         <subfield code="r">Rainer M. Czichon --</subfield>
         <subfield code="t">Austro-Italian Archaeological Investigations in the Region of Yozgat (Turkey) /</subfield>
         <subfield code="r">Mario F. Fales, Stefano de Martino, Simonetta Ponchia, K. Strobel --</subfield>
         <subfield code="t">On the Middle Kızılırmak, II /</subfield>
         <subfield code="r">Massimo Forlanini --</subfield>
         <subfield code="t">Reflections on the Origins and Development of the Hittite Tablet Collections in Hattuša and Their Consequences for the Rise of Hittite Literacy /</subfield>
         <subfield code="r">Theo van den Hout --</subfield>
         <subfield code="t">The Cult of Nerik : Revisited /</subfield>
         <subfield code="r">Jörg Klinger --</subfield>
         <subfield code="t">Recent Research on Hittite Archaeology in the "Upper Land" /</subfield>
         <subfield code="r">Andreas Müller-Karpe --</subfield>
         <subfield code="t">Die Tontafelfunde aus Kayalıpınar /</subfield>
         <subfield code="r">Elisabeth Rieken (mit einem Beitrag von Gernot Wilhelm) --</subfield>
         <subfield code="t">Indications of Structural Change in the Hittite Pottery Inventory at Boğazköy-Hattuša /</subfield>
         <subfield code="r">Ulf-Dietrich Schoop --</subfield>
         <subfield code="t">"In Hattuša The Royal House Declined" : Royal Mortuary Cult in 13th Century Hatti /</subfield>
         <subfield code="r">Itamar Singer --</subfield>
         <subfield code="t">Another Capital City of Hittite State : Šapinuwa /</subfield>
         <subfield code="r">Aygul Süel --</subfield>
         <subfield code="t">The Old Hittite Textual Tradition in the "Haus am Hang" /</subfield>
         <subfield code="r">Giulia Torri --</subfield>
         <subfield code="t">Demographic Data from Hittite Land Donation Tablets /</subfield>
         <subfield code="r">Gernot Wilhelm --</subfield>
         <subfield code="t">Hüseyindede : A Settlement in Northern Central Anatolia with New Contributions to Old Hittite Art /</subfield>
         <subfield code="r">Tayfun Yıldırım.</subfield>
         <subfield code="g">Projects.</subfield>
         <subfield code="t">The Ahhiyawa Question and the Cretan Hieroglyphic Seals : Two Databases in the DBAS Project /</subfield>
         <subfield code="r">Anna Margherita Jasink, Luca Bombardieri, Mauro Marino --</subfield>
         <subfield code="t">The Anatolian Hieroglyphic Glyptics Project and its Digitalisation into the "Mainz Portal" /</subfield>
         <subfield code="r">Massimiliano Marazzi, Clelia Mora, Gerfrid Müller.</subfield>
      </datafield>
      <datafield tag="650" ind1=" " ind2="0">
         <subfield code="a">Hittites</subfield>
         <subfield code="v">Congresses.</subfield>
      </datafield>
      <datafield tag="651" ind1=" " ind2="0">
         <subfield code="a">Turkey</subfield>
         <subfield code="x">Antiquities</subfield>
         <subfield code="v">Congresses.</subfield>
      </datafield>
      <datafield tag="650" ind1=" " ind2="7">
         <subfield code="a">Antiquities.</subfield>
         <subfield code="2">fast</subfield>
         <subfield code="0">(OCoLC)fst00810745</subfield>
      </datafield>
      <datafield tag="650" ind1=" " ind2="7">
         <subfield code="a">Hittites.</subfield>
         <subfield code="2">fast</subfield>
         <subfield code="0">(OCoLC)fst00958415</subfield>
      </datafield>
      <datafield tag="651" ind1=" " ind2="7">
         <subfield code="a">Turkey.</subfield>
         <subfield code="2">fast</subfield>
         <subfield code="0">(OCoLC)fst01208963</subfield>
      </datafield>
      <datafield tag="650" ind1=" " ind2="7">
         <subfield code="a">Hethiter.</subfield>
         <subfield code="0">(DE-588)4072478-5</subfield>
         <subfield code="2">gnd</subfield>
      </datafield>
      <datafield tag="651" ind1=" " ind2="7">
         <subfield code="a">Inneranatolien</subfield>
         <subfield code="z">Nord.</subfield>
         <subfield code="0">(DE-588)7695821-8</subfield>
         <subfield code="2">gnd</subfield>
      </datafield>
      <datafield tag="655" ind1=" " ind2="7">
         <subfield code="a">Conference papers and proceedings.</subfield>
         <subfield code="2">fast</subfield>
         <subfield code="0">(OCoLC)fst01423772</subfield>
      </datafield>
      <datafield tag="700" ind1="1" ind2=" ">
         <subfield code="a">Pecchioli Daddi, Franca.</subfield>
      </datafield>
      <datafield tag="700" ind1="1" ind2=" ">
         <subfield code="a">Torri, Giulia,</subfield>
         <subfield code="d">1972-</subfield>
      </datafield>
      <datafield tag="700" ind1="1" ind2=" ">
         <subfield code="a">Corti, Carlo.</subfield>
      </datafield>
      <datafield tag="830" ind1=" " ind2="0">
         <subfield code="a">Studia Asiana ;</subfield>
         <subfield code="v">5.</subfield>
      </datafield>
      <datafield tag="856" ind1="4" ind2="1">
         <subfield code="3">Table of contents</subfield>
         <subfield code="u">http://bvbr.bib-bvb.de:8991/F?func=service&amp;doc_library=BVB01&amp;doc_number=018722197&amp;line_number=0001&amp;func_code=DB_RECORDS&amp;service_type=MEDIA</subfield>
      </datafield>
      <datafield tag="856" ind1="4" ind2="1">
         <subfield code="3">Table of contents</subfield>
         <subfield code="u">http://bvbr.bib-bvb.de:8991/F?func=service&amp;doc_library=BVB01&amp;local_base=BVB01&amp;doc_number=018722197&amp;line_number=0001&amp;func_code=DB_RECORDS&amp;service_type=MEDIA</subfield>
      </datafield>
      <datafield tag="OWN" ind1=" " ind2=" ">
         <subfield code="a">GENERAL</subfield>
      </datafield>
      <datafield tag="AVA" ind1=" " ind2=" ">
         <subfield code="a">NYU50</subfield>
         <subfield code="b">NISAW</subfield>
         <subfield code="c">Large Collection</subfield>
         <subfield code="d">DS155 .S848 no.5 2009 Non-circulating</subfield>
         <subfield code="e">available</subfield>
         <subfield code="t">Available</subfield>
         <subfield code="f">1</subfield>
         <subfield code="g">0</subfield>
         <subfield code="h">N</subfield>
         <subfield code="i">0</subfield>
         <subfield code="j">LARGE</subfield>
         <subfield code="k">0</subfield>
      </datafield>
      <marc:datafield tag="852" ind1=" " ind2=" ">
         <marc:subfield code="b">Institute for the Study of the Ancient World, </marc:subfield>
         <marc:subfield code="c">Large Collection</marc:subfield>
         <marc:subfield code="e">15 East 84th St., </marc:subfield>
         <marc:subfield code="e">New York, NY  10028</marc:subfield>
      </marc:datafield>
   </record>