
  
  
  
  
  
  
  
  
  
  
 
  
  <record xsi:schemaLocation="http://www.loc.gov/MARC21/slim http://www.loc.gov/standards/marcxml/schema/MARC21slim.xsd">
      <leader>00000cam a2200529Ma 4500</leader>
      <controlfield tag="FMT">BK</controlfield>
      <controlfield tag="LDR">00000cam a2200529Ma 4500</controlfield>
      <controlfield tag="001">002216736</controlfield>
      <controlfield tag="003">OCoLC</controlfield>
      <controlfield tag="005">20170413102615.0</controlfield>
      <controlfield tag="008">900611m19909999ne a     b    000 0dfre d</controlfield>
      <datafield tag="020" ind1=" " ind2=" ">
         <subfield code="a">9050630456</subfield>
         <subfield code="q">(v. 1)</subfield>
      </datafield>
      <datafield tag="020" ind1=" " ind2=" ">
         <subfield code="a">9789050630450</subfield>
      </datafield>
      <datafield tag="020" ind1=" " ind2=" ">
         <subfield code="a">9025610242</subfield>
         <subfield code="q">(v. 2, pt. 1)</subfield>
      </datafield>
      <datafield tag="020" ind1=" " ind2=" ">
         <subfield code="a">9789025610241</subfield>
         <subfield code="q">(v. 2, pt. 1)</subfield>
      </datafield>
      <datafield tag="020" ind1=" " ind2=" ">
         <subfield code="a">9025610250</subfield>
         <subfield code="q">(v. 2, pt. 1)</subfield>
      </datafield>
      <datafield tag="020" ind1=" " ind2=" ">
         <subfield code="a">9789025610258</subfield>
         <subfield code="q">(v. 2, pt. 1)</subfield>
      </datafield>
      <datafield tag="035" ind1=" " ind2=" ">
         <subfield code="a">(OCoLC)22069378</subfield>
      </datafield>
      <datafield tag="040" ind1=" " ind2=" ">
         <subfield code="a">NYP</subfield>
         <subfield code="b">eng</subfield>
         <subfield code="c">NYP</subfield>
         <subfield code="d">IWA</subfield>
         <subfield code="d">OCL</subfield>
         <subfield code="d">NLGGC</subfield>
         <subfield code="d">ZWZ</subfield>
         <subfield code="d">STF</subfield>
         <subfield code="d">OKU</subfield>
         <subfield code="d">OCLCQ</subfield>
         <subfield code="d">UPX</subfield>
         <subfield code="d">OCLCO</subfield>
         <subfield code="d">OCLCQ</subfield>
         <subfield code="d">OCLCO</subfield>
         <subfield code="d">ZYU</subfield>
      </datafield>
      <datafield tag="041" ind1="1" ind2=" ">
         <subfield code="a">fre</subfield>
         <subfield code="a">gre</subfield>
         <subfield code="h">gre</subfield>
      </datafield>
      <datafield tag="043" ind1=" " ind2=" ">
         <subfield code="a">mm-----</subfield>
      </datafield>
      <datafield tag="050" ind1=" " ind2="4">
         <subfield code="a">QB42</subfield>
         <subfield code="b">L48x, 1990</subfield>
      </datafield>
      <datafield tag="079" ind1=" " ind2=" ">
         <subfield code="a">(OCoLC)22069378</subfield>
      </datafield>
      <datafield tag="084" ind1=" " ind2=" ">
         <subfield code="a">18.44</subfield>
         <subfield code="2">bcl</subfield>
      </datafield>
      <datafield tag="090" ind1=" " ind2=" ">
         <subfield code="a">QB41</subfield>
         <subfield code="b">.M55 1990</subfield>
      </datafield>
      <datafield tag="100" ind1="1" ind2=" ">
         <subfield code="a">Leurquin, Régine.</subfield>
      </datafield>
      <datafield tag="245" ind1="1" ind2="0">
         <subfield code="a">Théodore Méliténiote, "Tribiblos Astronomique" /</subfield>
         <subfield code="c">par Regine Leurquin.</subfield>
      </datafield>
      <datafield tag="260" ind1=" " ind2=" ">
         <subfield code="a">Amsterdam :</subfield>
         <subfield code="b">J.C. Gieben,</subfield>
         <subfield code="c">1990-&lt;1993&gt;</subfield>
      </datafield>
      <datafield tag="300" ind1=" " ind2=" ">
         <subfield code="a">volumes &lt;1-2 in 3&gt; :</subfield>
         <subfield code="b">illustrations ;</subfield>
         <subfield code="c">24 cm.</subfield>
      </datafield>
      <datafield tag="336" ind1=" " ind2=" ">
         <subfield code="a">text</subfield>
         <subfield code="b">txt</subfield>
         <subfield code="2">rdacontent</subfield>
      </datafield>
      <datafield tag="337" ind1=" " ind2=" ">
         <subfield code="a">unmediated</subfield>
         <subfield code="b">n</subfield>
         <subfield code="2">rdamedia</subfield>
      </datafield>
      <datafield tag="338" ind1=" " ind2=" ">
         <subfield code="a">volume</subfield>
         <subfield code="b">nc</subfield>
         <subfield code="2">rdacarrier</subfield>
      </datafield>
      <datafield tag="490" ind1="1" ind2=" ">
         <subfield code="a">Corpus des astronomes byzantins ;</subfield>
         <subfield code="v">4-6</subfield>
      </datafield>
      <datafield tag="500" ind1=" " ind2=" ">
         <subfield code="a">Critical matter in French; text of Tribiblos in Greek, with French translation.</subfield>
      </datafield>
      <datafield tag="500" ind1=" " ind2=" ">
         <subfield code="a">Revision of the author's thesis (doctoral), entitled Les livres I et II de la Tribiblos astronomique de Théodore Méliténiote ..., presented to the Université Catholique de Louvain.</subfield>
      </datafield>
      <datafield tag="504" ind1=" " ind2=" ">
         <subfield code="a">Includes bibliographical references.</subfield>
      </datafield>
      <datafield tag="505" ind1="0" ind2=" ">
         <subfield code="a">Livre 1 [without special title] -- livre 2, [pt. 1]. Édition critique et traduction -- livre 2, [pt. 2]. Commentaire.</subfield>
      </datafield>
      <datafield tag="600" ind1="1" ind2="0">
         <subfield code="6">880-01</subfield>
         <subfield code="a">Melitēniōtēs, Theodōros,</subfield>
         <subfield code="d">approximately 1320-1393.</subfield>
         <subfield code="t">Tribiblos astronomikē.</subfield>
      </datafield>
      <datafield tag="650" ind1=" " ind2="0">
         <subfield code="a">Astronomy</subfield>
         <subfield code="v">Early works to 1800.</subfield>
      </datafield>
      <datafield tag="650" ind1=" " ind2="0">
         <subfield code="a">Astronomers</subfield>
         <subfield code="z">Byzantine Empire</subfield>
         <subfield code="v">Biography.</subfield>
      </datafield>
      <datafield tag="650" ind1=" " ind2="4">
         <subfield code="a">Astronomie</subfield>
         <subfield code="x">Histoire</subfield>
         <subfield code="z">Empire byzantin</subfield>
         <subfield code="y">14e siècle.</subfield>
      </datafield>
      <datafield tag="650" ind1="1" ind2="7">
         <subfield code="a">Sterrenkunde.</subfield>
         <subfield code="2">gtt</subfield>
      </datafield>
      <datafield tag="600" ind1="1" ind2="7">
         <subfield code="a">Méliténiote, Théodore, 132.-1393.</subfield>
         <subfield code="t">Tribiblos astronomique.</subfield>
         <subfield code="2">ram</subfield>
      </datafield>
      <datafield tag="650" ind1=" " ind2="7">
         <subfield code="a">Astronomie</subfield>
         <subfield code="y">14e siècle.</subfield>
         <subfield code="2">ram</subfield>
      </datafield>
      <datafield tag="700" ind1="1" ind2="2">
         <subfield code="a">Melitēniōtēs, Theodōros,</subfield>
         <subfield code="d">approximately 1320-1393.</subfield>
         <subfield code="t">Tribiblos astronomikē.</subfield>
         <subfield code="n">Book 1.</subfield>
      </datafield>
      <datafield tag="776" ind1="0" ind2="8">
         <subfield code="i">Online version:</subfield>
         <subfield code="a">Leurquin, Régine.</subfield>
         <subfield code="t">Théodore Méliténiote, "Tribiblos Astronomique".</subfield>
         <subfield code="d">Amsterdam : J.C. Gieben, 1990-</subfield>
         <subfield code="w">(OCoLC)624131516</subfield>
      </datafield>
      <datafield tag="880" ind1="1" ind2="4">
         <subfield code="6">600-01/</subfield>
         <subfield code="a">Μελιτηνιώτης,</subfield>
         <subfield code="d">π. 1320-1393.</subfield>
         <subfield code="t">Τρίβιβλος αστρονομική.</subfield>
      </datafield>
      <datafield tag="830" ind1=" " ind2="0">
         <subfield code="a">Corpus des astronomes byzantins ;</subfield>
         <subfield code="v">4-6.</subfield>
      </datafield>
      <datafield tag="OWN" ind1=" " ind2=" ">
         <subfield code="a">GENERAL</subfield>
      </datafield>
      <datafield tag="AVA" ind1=" " ind2=" ">
         <subfield code="a">NYU50</subfield>
         <subfield code="b">BOBST</subfield>
         <subfield code="c">Main Collection</subfield>
         <subfield code="d">QB41 .M55 1990</subfield>
         <subfield code="e">available</subfield>
         <subfield code="t">Available</subfield>
         <subfield code="f">3</subfield>
         <subfield code="g">0</subfield>
         <subfield code="h">Y</subfield>
         <subfield code="i">2</subfield>
         <subfield code="j">MAIN</subfield>
         <subfield code="k">0</subfield>
      </datafield>
      <datafield tag="AVA" ind1=" " ind2=" ">
         <subfield code="a">NYU50</subfield>
         <subfield code="b">NISAW</subfield>
         <subfield code="c">Small Collection</subfield>
         <subfield code="d">QB41 .M55 1990 Non-circulating</subfield>
         <subfield code="e">available</subfield>
         <subfield code="t">Available</subfield>
         <subfield code="f">3</subfield>
         <subfield code="g">0</subfield>
         <subfield code="h">Y</subfield>
         <subfield code="i">0</subfield>
         <subfield code="j">SMALL</subfield>
         <subfield code="k">0</subfield>
      </datafield>
      <marc:datafield tag="852" ind1=" " ind2=" ">
         <marc:subfield code="b">Institute for the Study of the Ancient World, </marc:subfield>
         <marc:subfield code="c">Small Collection</marc:subfield>
         <marc:subfield code="e">15 East 84th St., </marc:subfield>
         <marc:subfield code="e">New York, NY  10028</marc:subfield>
      </marc:datafield>
   </record>
  
  
  
  
  
  
  
  
  
  
  
 </collection>
